3550 4859
568 561 571 564 ⁴
632 556 923 626 taruennicum
946 554 1012 601 rur.

335 703 415 761 Tum
428 700 491 762 lino
505 701 620 765 medias
633 713 665 765 et
677 702 754 765 ceris
768 701 869 781 alligat
883 702 966 776 imas,

333 797 436 872 Atque
451 795 492 856 ita
506 796 688 874 compositas
702 815 794 875 parvo
808 795 979 857 curvamine
992 793 1095 872 flectit,

335 889 381 948 Ut
394 907 479 948 veras
493 887 624 949 imitetur
635 908 714 951 aves
757 891 836 950 Puer
849 890 953 951 Icarus
967 908 1028 949 una

335 983 439 1041 Stabat
454 992 492 1057 et,
508 981 626 1061 ignarus
640 1002 694 1045 sua
707 1002 739 1043 se
754 993 879 1044 tractare
893 981 1012 1060 pericla,

336 1075 396 1134 Ore
411 1074 557 1135 renidenti
572 1075 674 1150 modo,
689 1095 763 1152 quas
777 1095 853 1153 vaga
865 1085 999 1137 moverat
1012 1093 1092 1148 aura,

336 1168 486 1244 Captabat
501 1168 628 1246 plumas,
642 1168 749 1229 flavam
764 1168 856 1229 modo
870 1167 979 1245 pollice
993 1187 1092 1229 ceram

336 1260 477 1321 Mollibat
491 1263 616 1338 lusuque
629 1279 684 1323 suo
698 1259 833 1322 mirabile
847 1261 939 1338 patris
1173 1270 1175 1274 '

335 1353 527 1430 Impediebat
540 1373 624 1432 opus.
667 1354 831 1430 Postquam
847 1373 952 1413 manus
966 1352 1071 1413 ultima
1084 1351 1199 1431 coeptis

335 1446 483 1525 Imposita
496 1457 550 1520 est,
565 1446 700 1526 geminas
714 1446 815 1524 opifex
828 1445 946 1508 libravit
959 1446 990 1505 in
1004 1448 1066 1507 alas

334 1543 406 1617 Ipse
420 1559 507 1601 suum
519 1559 637 1618 corpus,
653 1551 794 1618 motaque
808 1539 953 1618 pependit
966 1539 998 1598 in
1011 1559 1089 1600 aura.

334 1634 458 1694 Instruit
472 1643 503 1693 et
516 1644 628 1707 natum,
645 1633 810 1711 Medioque
825 1643 858 1694 ut
871 1632 965 1694 limite
980 1653 1086 1707 curras,

334 1727 428 1800 Icare,
443 1725 492 1800 ait,
509 1745 628 1801 moneo,
642 1744 691 1801 ne,
706 1726 732 1787 si
745 1725 903 1789 demissior
916 1726 982 1800 ibis,

335 1819 427 1878 Unda
439 1830 542 1896 gravet
554 1838 689 1896 pennas3
710 1818 736 1880 si
749 1818 864 1894 celsior,
880 1819 957 1897 ignis
971 1820 1084 1881 adurat

335 1913 420 1971 Inter
434 1922 592 1988 utrumque
605 1913 692 1974 volal
733 1915 799 1975 Nec
814 1923 844 1974 te
857 1923 992 1990 spectare
1007 1915 1124 1974 Booten

334 2007 397 2063 Aut
412 2004 541 2065 Helicen
552 2007 646 2083 jubeo
660 2005 852 2084 strictumque
868 2005 988 2068 Orionis
1002 2025 1123 2079 ensem,
1209 2037 1227 2071 ·.

335 2099 388 2156 Me
403 2098 480 2158 duce
492 2117 582 2176 oerpe
594 2097 691 2159 vimnl
734 2098 846 2159 Pariter
859 2108 1019 2176 praecepta
1033 2097 1152 2159 volandi

333 2189 447 2265 Tradit,
463 2202 493 2251 et
507 2191 625 2269 ignotas
637 2191 768 2252 humeris
781 2192 991 2264 accommodat
1005 2192 1075 2253 alas.

335 2285 418 2344 Inter
432 2302 507 2360 opus
522 2284 711 2362 monitusque
724 2305 819 2362 genae
832 2286 973 2346 maduere
988 2284 1097 2345 seniles

335 2377 374 2435 Et
388 2376 499 2453 patriae
514 2387 658 2439 tremuere
672 2397 785 2439 manus.
829 2378 923 2439 Dedit
936 2380 1039 2439 oscula
1052 2389 1124 2439 nato

333 2471 406 2529 Non
420 2468 527 2530 iterum
539 2471 703 2547 repetenda
717 2490 779 2546 su0,
795 2471 960 2548 pennisque
975 2473 1088 2533 levatus

332 2565 413 2622 Ante
428 2563 517 2636 volat,
533 2563 695 2640 comitique
709 2563 801 2638 timet,
817 2566 898 2625 velut
912 2566 982 2638 ales,
996 2567 1036 2626 ab
1049 2567 1111 2626 alto

333 2657 420 2731 Quae
435 2666 568 2716 teneram
580 2656 696 2734 prolem
710 2657 849 2734 produxit
862 2657 894 2717 in
908 2661 977 2717 aera
990 2657 1062 2718 nido

333 2750 539 2826 Hortaturque
555 2748 638 2825 sequi
653 2749 872 2826 damnosasque
887 2746 983 2810 erudit
997 2761 1082 2821 artes,

333 2842 373 2901 Et
387 2852 489 2902 movet
503 2841 566 2919 ipse
582 2860 649 2902 suas
664 2852 695 2903 et
709 2841 771 2902 nati
785 2841 904 2919 respicit
918 2844 987 2903 alas.

332 2935 402 2994 Hos
416 2933 531 3012 aliquis,
544 2935 670 2995 tremula
683 2934 755 2996 dum
770 2945 870 3012 captat
883 2935 1027 2997 arundine
1041 2934 1147 3013 pisces,

331 3026 393 3083 Aut
407 3037 510 3102 pastor
523 3025 632 3085 baculo
647 3023 760 3085 stivave
774 3023 892 3086 innixus
906 3037 1003 3087 arator

331 3117 425 3177 Videt
439 3127 469 3177 et
483 3116 647 3195 obstupuit,
663 3117 775 3197 quique
789 3119 909 3180 aethera
925 3139 1044 3196 carpere
1058 3130 1190 3198 possent,

332 3208 469 3271 Credidit
483 3229 549 3270 esse
563 3211 646 3272 deos.
690 3213 729 3272 Et
739 3213 803 3292 jam
816 3213 949 3289 Junonia
962 3214 1047 3272 laeva

333 3303 419 3362 Parte
436 3304 543 3363 Samos
556 3304 673 3365 fuerant
686 3303 841 3382 Delosque
856 3307 1006 3381 Parosque
1020 3303 1149 3379 relictae,

331 3397 446 3457 Dextra
459 3397 634 3475 Lebynthos
650 3407 712 3458 erat
724 3398 913 3474 fecundaque
927 3398 1015 3457 melle
1030 3398 1184 3476 Calymne,

331 3489 432 3563 Quum
448 3509 522 3566 puer
536 3489 643 3550 audaci
656 3489 757 3569 coepit
769 3491 898 3568 gaudere
913 3492 1015 3550 volatu

332 3581 531 3659 Deseruitque
546 3583 665 3656 ducem,
680 3582 816 3660 coelique
830 3582 970 3660 cupidine
985 3593 1080 3646 tactus

333 3673 431 3734 Altius
446 3674 505 3752 egit
519 3674 582 3736 iter.
626 3674 738 3754 Rapidi
752 3674 860 3736 vicinia
874 3676 946 3737 solis

333 3767 434 3828 Mollit
449 3769 597 3845 odoratas,
610 3787 777 3848 pennarum
791 3768 918 3844 vincula,
929 3789 1019 3831 ceras

332 3860 505 3922 Tabuerant
518 3881 622 3924 cerac:
642 3861 742 3923 nudos
757 3861 853 3939 quatit
866 3861 917 3923 ille
934 3863 1068 3938 lacertos,

334 3951 533 4034 Remigioque
547 3975 653 4019 carens
665 3973 729 4017 uon
742 3955 818 4017 ullus
832 3955 958 4035 percipit
971 3975 1057 4021 auras
1067 3979 1078 4034 5

535 4061 549 4099 4
