3550 4859
704 578 863 626 munos
883 578 944 624 UB-
961 577 982 624 1.

356 731 485 796 Miratur
498 728 609 790 molem
623 728 752 799 Aeneas,
767 724 896 803 magaba
911 723 1073 801 quondam,

356 824 485 885 Miratus
496 832 600 901 portas
613 819 830 898 strepitumque
844 828 875 878 et
885 828 978 878 strata
991 816 1112 878 viarum.

355 921 476 979 Instant
487 916 629 978 ardentes
643 914 734 991 Tyrii,
749 931 819 989 pers
833 912 943 972 ducere
957 930 1057 971 muros

354 1010 518 1088 Molirique
533 1025 631 1070 arcem
646 1016 676 1067 et
690 1006 828 1065 manibus
843 1004 1019 1064 subvolvere
1034 1022 1112 1077 saxa,

355 1105 428 1163 Pars
441 1113 545 1180 optare
558 1102 659 1162 locum
667 1109 753 1165 ‚tecto
768 1108 798 1157 et
811 1098 990 1158 concludere
1005 1097 1109 1171 sulc03

354 1199 427 1274 Jura
440 1196 689 1275 magistratusque
704 1194 808 1271 legunt
822 1202 1020 1267 sanctumque
1033 1200 1171 1252 senatum
1181 1211 1191 1267 3

356 1289 418 1349 Hic
433 1300 538 1366 portus
551 1288 602 1350 alii
615 1287 778 1348 effodiunt:
798 1286 848 1345 hic
861 1286 922 1345 alta
935 1283 1041 1344 theatri

356 1384 564 1443 Fundamenta
578 1383 678 1442 locant
692 1379 750 1453 alii,
766 1378 972 1454 immanesque
987 1378 1142 1438 columnas

355 1475 495 1553 Rupibus
509 1475 659 1548 excidunt,
675 1473 774 1534 scenis
789 1473 900 1531 decora
914 1471 975 1530 alta
989 1470 1101 1531 futuris.

354 1568 461 1644 Qualis
475 1587 546 1646 apes
561 1579 672 1629 aestate
687 1586 766 1627 nova
778 1584 832 1643 per
845 1565 938 1624 florea
951 1584 1018 1624 rura

354 1663 482 1722 Exercet
496 1662 552 1721 sub
566 1663 629 1722 sole
642 1662 734 1734 labor,
750 1678 843 1738 quum
856 1658 953 1736 gentis
967 1657 1085 1718 adultos

355 1756 495 1815 Educunt
509 1756 593 1829 fetus,
608 1765 659 1815 aut
674 1773 765 1830 quum
779 1752 924 1830 liquentia
937 1752 1028 1811 mella

355 1848 475 1925 Stipant
489 1859 519 1909 et
534 1847 613 1909 dulci
627 1848 801 1908 distendunt
814 1858 933 1906 nectare
948 1846 1048 1919 cellas,

352 1943 415 2001 Aut
429 1959 522 2002 onera
535 1941 684 2019 accipiunt
698 1940 878 2012 venientum,
895 1949 946 1999 aut
959 1939 1077 2015 agmine
1091 1938 1172 1999 facto

354 2036 501 2112 Ignavum
515 2036 598 2094 fucos
612 2053 703 2112 pecus
718 2052 736 2093 a
750 2032 943 2109 praesepibus
958 2042 1076 2092 arcent:

353 2130 462 2188 Fervet
476 2147 560 2205 opus,
574 2129 770 2203 redolentque
784 2126 887 2203 thymo
902 2125 1061 2202 fragrantia
1074 2124 1171 2188 mella

352 2222 384 2283 Ο
398 2222 546 2295 fortunati,
562 2240 686 2297 quorum
697 2222 761 2299 jam
775 2219 896 2279 moenia
910 2222 1050 2295 surgunt!

350 2317 473 2375 Aeneas
486 2314 536 2388 ait,
552 2325 581 2374 et
596 2313 712 2391 fastigia
726 2312 849 2390 suspicit
863 2312 951 2373 urbis.

352 2408 450 2468 Infert
464 2427 495 2467 se
510 2402 629 2485 saeptus
644 2409 802 2467 nebula-
811 2406 947 2466 mirabile
961 2405 1043 2466 dictu
1052 2440 1092 2450 -

334 2486 412 2562 'Per
425 2501 549 2574 medios,
565 2501 730 2578 miscetque
744 2500 821 2574 viris,
837 2519 936 2576 neque
950 2499 1078 2560 cernitur
1092 2498 1152 2559 ulli

393 2596 494 2655 Lucus
507 2593 538 2654 in
552 2596 625 2654 urbe
639 2594 694 2654 fuit
708 2594 815 2666 media,
831 2592 1011 2653 laetissimus
1025 2593 1156 2668 umbrae,

352 2688 424 2762 Quo
438 2686 565 2765 primurn
577 2686 680 2764 jactati
695 2688 783 2747 undis
796 2697 827 2746 et
840 2685 957 2746 turbine
973 2686 1068 2746 Poeni

353 2781 493 2840 Effodere
507 2782 575 2840 loco
590 2780 715 2857 signum,
731 2781 812 2856 quod
826 2780 907 2856 regia
919 2781 1000 2856 Juno

354 2875 547 2947 Monstramt,
562 2884 652 2951 caput
665 2873 742 2934 acris
757 2873 845 2949 equi:
865 2872 909 2932 sic
923 2891 993 2931 nam
1007 2872 1070 2930 sore
1085 2871 1165 2932 bello

354 2966 511 3044 Frgregiam
525 2978 555 3027 et
569 2968 686 3027 facilem
699 2966 780 3026 victu
793 2985 846 3043 per
860 2965 979 3025 saecula
991 2974 1119 3040 gentem

355 3059 417 3119 Hic
431 3062 575 3137 templum
590 3058 703 3137 Junoni
717 3059 822 3136 ingens
837 3057 962 3119 Sidonia
976 3057 1059 3118 Dido

355 3153 523 3227 Condebat,
539 3152 627 3214 donis
640 3154 818 3230 opulentum
831 3162 862 3212 et
876 3150 998 3211 numine
1013 3150 1108 3223 divae,

353 3248 452 3306 Aerca
465 3247 513 3306 cui
527 3246 667 3323 gradibus
682 3248 840 3323 surgebant
854 3246 958 3304 limina
971 3262 1126 3320 nexaeque

354 3343 433 3401 Aere
448 3341 554 3414 trabes,
570 3341 681 3401 foribus
695 3342 786 3401 cardo
801 3339 945 3400 stridebat
959 3338 1048 3398 aenis.

354 3435 426 3493 Hoc
441 3431 569 3511 primum
583 3432 615 3493 in
628 3435 697 3495 luco
711 3452 791 3493 nova
804 3452 850 3493 res
864 3432 967 3492 oblata
981 3431 1118 3490 timorem

352 3525 462 3600 Leniit‚
478 3526 527 3586 hic
541 3525 668 3603 primum
682 3528 802 3586 Aeneas
815 3544 934 3601 sperare
948 3524 1074 3584 salutem

353 3621 455 3678 Ausus
468 3630 499 3679 et
513 3618 627 3680 afflictis
641 3618 747 3680 melius
762 3618 912 3679 confidere
927 3618 1023 3677 rebus

352 3713 384 3770 N
385 3731 495 3789 amque
510 3714 565 3772 sub
580 3711 693 3788 ingenti
706 3713 811 3772 lustrat
824 3712 897 3771 dum
912 3709 1028 3787 singula
1041 3710 1163 3788 templo,
1210 3755 1215 3765 .

306 3794 316 3808 ’
351 3805 503 3883 Reginam
518 3806 685 3883 opperiens,
701 3806 781 3878 dum,
797 3824 874 3882 quac
889 3806 1022 3866 Fortuna
1036 3803 1074 3863 sit
1088 3802 1163 3877 urbi,

350 3899 571 3976 Artificumque
585 3918 691 3960 manus
705 3897 782 3958 inter
795 3918 828 3959 se
843 3916 1025 3975 operumque
1039 3897 1172 3958 laborem

351 3990 491 4066 Miratur,
505 3992 589 4054 videt
602 3992 709 4054 lliaoes
722 4010 761 4054 ex
773 3990 878 4054 ordine
892 4009 1010 4069 pugnas
