3550 4859
445 563 504 629 234
760 569 787 611 I'.
805 568 940 611 vlncrm
962 568 1104 611 mnnoms

445 713 523 774 Siste
536 711 669 792 gradum,
685 722 774 789 teque
788 713 933 789 adspectu
945 732 985 773 ne
999 713 1139 773 subtrahe
1154 721 1263 772 nostro.
1382 730 1422 780 ⁴⁶⁵

444 807 543 882 Quem
558 806 651 883 fugis?
672 816 835 865 extremum
850 805 920 879 sato,
937 806 1018 882 quod
1033 816 1062 865 te
1077 807 1220 883 alloquor,
1236 805 1296 866 hoc
1310 815 1363 867 est

445 901 568 958 Talibus
583 902 701 958 Aeneas
716 900 869 958 ardentem
884 908 915 958 et
929 909 1013 958 torva
1026 909 1159 958 tuentem

445 992 573 1051 Lenibat
587 991 674 1050 dictis
689 990 828 1065 animum,
844 991 1040 1069 lacrimasque
1054 992 1160 1050 ciebat

445 1086 503 1145 Illa
516 1086 580 1144 solo
595 1085 669 1143 fixos
683 1085 786 1142 oculos
801 1103 904 1144 aversa
918 1087 1046 1158 tenebat,

445 1179 511 1239 Nec
525 1176 619 1254 magis
633 1176 753 1253 incepto
767 1178 880 1235 vultum
896 1197 1032 1237 sermone
1047 1187 1191 1251 movetur,
1382 1206 1424 1244 ⁴70

445 1272 544 1346 Quam
559 1270 583 1329 si
597 1271 670 1329 dura
684 1270 756 1330 silex
771 1281 821 1329 aut
835 1281 893 1329 stet
908 1271 1058 1348 Marpesia
1072 1282 1181 1331 cautes.

444 1366 582 1424 Tandem
597 1363 738 1440 corripuit
751 1383 826 1437 sese,
842 1374 932 1440 atque
947 1364 1067 1423 inimica
1080 1364 1185 1442 refugit

446 1460 483 1516 Iu
498 1476 603 1517 nemus
617 1456 816 1531 umbriferum,
832 1459 944 1533 conjux
957 1458 1007 1516 ubi
1022 1457 1160 1534 pristinus
1174 1456 1217 1516 illi

446 1551 623 1627 Respondet
638 1550 713 1608 curis
728 1562 895 1626 aequatque
913 1550 1062 1629 Sychaeus
1077 1570 1217 1609 amorem

446 1645 512 1703 Nec
525 1643 621 1701 minus
638 1646 765 1716 Aeneas,
782 1663 853 1702 casu
867 1663 1030 1703 concussus
1045 1643 1184 1719 iniquo‚·
1383 1667 1423 1707 ⁴7⁵

446 1736 637 1811 Prosequitur
650 1736 807 1796 lacrimans
821 1737 919 1814 longe,
935 1747 965 1796 et
979 1736 1132 1796 miseratur
1145 1746 1275 1796 euntem.

486 1830 563 1888 Inde
578 1830 680 1888 datum
695 1831 814 1890 molitur
828 1830 889 1890 iter.
933 1832 1060 1907 Jamque
1076 1850 1143 1889 arva
1157 1829 1301 1889 tenebant

446 1921 569 1996 Ultima,
585 1942 661 1999 quae
676 1924 757 1982 bello
771 1923 843 1982 clari
858 1934 971 1982 secreta
985 1924 1179 1998 frequentant
1303 1912 1309 1923 ’

447 2015 508 2075 Hic
522 2015 564 2073 illi
578 2015 704 2075 occurrit
718 2016 846 2094 Tydeus
862 2015 912 2074 hic
926 2015 1054 2074 inclutus
1068 2014 1159 2075 armis

446 2109 690 2185 Parthenopaeus
705 2118 735 2168 et
750 2108 870 2167 Adrasti
884 2108 1023 2185 pallentis
1037 2108 1155 2185 imag03

448 2201 510 2261 Hic
525 2203 651 2262 multum
665 2201 727 2261 fleti
742 2202 780 2261 ad
795 2221 917 2278 superos
930 2202 1070 2277 belloque
1086 2199 1200 2261 caduci·

447 2295 648 2368 Dardanidae,
665 2314 739 2372 quos
754 2294 803 2353 ille
818 2314 922 2371 omnes
936 2296 1026 2372 longo
1041 2294 1144 2354 ordine
1159 2312 1284 2354 cernens

446 2388 605 2465 Ingemuit,
622 2389 828 2463 Glaucumque
844 2388 1049 2463 Medontaque
1064 2387 1360 2463 Thersilochumque,

445 2482 521 2540 Tres
535 2481 747 2554 Antenoridas,
763 2480 922 2557 Cererique
938 2500 1053 2540 sacrum
1069 2482 1284 2557 Polypboeten,

446 2576 642 2651 Idaeumque,
658 2575 747 2634 etiam
762 2594 870 2646 currus,
887 2573 975 2632 etiam
991 2592 1072 2632 arma
1086 2583 1246 2656 tenentem.

446 2667 648 2728 Circumstant
662 2667 778 2728 animae
793 2667 896 2726 dextra
910 2668 1052 2742 laevaque
1067 2667 1244 2742 frequentes.

446 2763 512 2821 Nec
526 2762 636 2821 vidisse
651 2762 742 2820 semel
757 2759 827 2819 satis
841 2770 906 2835 est,
925 2762 1008 2835 juvat
1022 2778 1116 2835 usque
1131 2758 1246 2831 morari,

447 2857 486 2913 Et
499 2856 634 2914 conferre
648 2855 779 2931 gradum,
795 2864 825 2912 et
838 2852 977 2912 veniendi
992 2851 1106 2911 discere
1120 2870 1250 2911 caussas

446 2949 488 3006 At
503 2949 642 3007 Danaum
657 2966 793 3023 proceres
808 2946 1123 3023 Agamemnoniaeque
1137 2945 1301 3024 phalanges

446 3042 490 3101 Ut
504 3041 605 3101 videre
620 3039 714 3099 virum
728 3038 928 3116 fulgentiaque
944 3058 1024 3098 arma
1038 3058 1092 3115 per
1105 3040 1233 3112 umbras,
1385 3066 1426 3104 «φ

446 3134 565 3211 Ingenti
580 3134 726 3210 trepidare
741 3143 841 3205 metu3
861 3151 929 3209 pars
942 3142 1055 3191 vertere
1069 3142 1159 3208 terga,

446 3229 511 3288 Ceu
527 3228 679 3303 quondam
694 3225 806 3302 petiere
820 3234 918 3300 rates;
938 3244 1006 3302 pars
1020 3226 1123 3285 tollere
1138 3243 1244 3285 vocem

448 3320 592 3397 Exiguam
607 3343 613 3379 :
633 3319 768 3396 inceptus
783 3320 895 3379 clamor
908 3320 1061 3379 frustratur
1074 3318 1199 3379 hiantes.

487 3416 588 3489 Atque
602 3412 651 3472 hic
667 3412 835 3471 Priamiden
850 3412 993 3472 laniatum
1007 3430 1131 3488 corpore
1146 3421 1211 3471 toto

447 3506 640 3583 Deiphobum
654 3505 735 3564 videt
749 3516 778 3565 et
793 3506 921 3565 lacerum
937 3505 1094 3566 crudeliter
1107 3523 1167 3577 ora,
1385 3531 1423 3570 aas

445 3601 508 3661 ora
522 3618 687 3675 manusque
702 3600 814 3672 ambas,
830 3601 1031 3676 populataque
1046 3609 1181 3675 tempora
1193 3593 1287 3674 raptis

446 3692 586 3765 Auribus,
602 3702 632 3751 et
646 3701 765 3751 truncas
780 3691 939 3751 inhonesto
952 3695 1074 3751 vulnere
1088 3709 1182 3751 nares.

445 3785 505 3844 Vix
519 3785 597 3845 adeo
611 3784 732 3861 agnovit
745 3784 928 3861 pavitantem
942 3794 972 3844 et
987 3785 1050 3844 dira
1064 3795 1213 3861 tegentem

447 3877 607 3955 Supplicia,
624 3889 653 3937 et
668 3878 747 3937 notis
762 3879 923 3955 compellat
936 3878 1060 3937 vocibus
1073 3879 1169 3937 ultro:

446 3970 607 4049 Deiphobe
622 3970 811 4048 armipotens,
825 3989 921 4048 genus
935 3971 997 4031 alto
1011 3989 1029 4030 a
1043 3969 1185 4047 sanguine
1199 3967 1318 4044 Teucri,
1384 3994 1424 4035 roo
1525 3957 1529 3963 ⁴
