3550 4859
689 570 903 618 numm
921 571 981 620 m
1002 571 1043 618 Π.

376 720 524 779 Latonam
537 716 691 795 praeferre
699 717 782 793 mihi,
796 718 846 779 cui
858 717 989 797 maxima
1000 706 1154 795 quendam
1203 727 1209 736 '

376 811 524 891 Exiguam
537 808 640 870 oedem
654 811 803 888 pariturae
816 821 896 871 terra
907 810 1047 889 negavit?

375 906 442 966 Nec
456 904 543 965 coelo
556 921 614 964 noc
627 904 720 963 humo
733 923 791 964 nec
803 904 889 980 aquis
901 904 960 964 dea
971 914 1070 965 vestra
1081 910 1203 981 recepta
1215 910 1264 964 est
1272 924 1283 977 3

374 998 452 1057 Exul
466 1008 530 1058 erat
544 994 657 1069 mundi,
672 997 779 1070 donec,
793 997 935 1056 miserata
946 1005 1115 1075 vagantem,

375 1090 509 1169 Hospita
522 1099 555 1150 tu
568 1089 654 1150 terris
666 1107 768 1163 erras3
787 1088 953 1167 agedon,
966 1088 999 1149 in
1011 1088 1119 1150 undlsl

374 1183 614 1259 Instabilemque
628 1183 729 1241 lomim
743 1183 838 1242 Delos
851 1182 943 1242 dedit
977 1182 1046 1242 -llla
1057 1182 1185 1242 duorum

373 1278 467 1337 Facta
480 1295 589 1354 parens
602 1298 608 1335 :
627 1275 706 1335 uteri
718 1294 788 1352 pars
802 1276 877 1335 haec
890 1284 937 1335 est
949 1275 1079 1351 septima
1090 1272 1193 1334 nostri.

373 1370 447 1430 Sum
461 1370 532 1429 felix
543 1386 556 1429 :⁴
570 1369 637 1446 quis
651 1368 732 1427 enim
745 1377 836 1444 neget
848 1368 928 1427 hoc?
946 1366 1076 1443 felixque
1089 1367 1226 1427 manebo.

373 1464 446 1523 Hoc
460 1481 580 1540 quoque
594 1462 662 1540 quis
675 1459 812 1521 dubitet?
852 1462 962 1520 Tutam
976 1478 1026 1520 me
1038 1458 1126 1536 copia
1137 1458 1227 1520 iecit:

372 1556 475 1635 Major
488 1573 563 1629 simi,
577 1574 668 1632 quam
682 1553 731 1614 cui
744 1553 842 1631 possit
855 1554 990 1612 Fortuna
1002 1571 1130 1626 nocere3

372 1649 532 1726 Multaque
545 1657 579 1708 ut
592 1647 705 1725 eripiat,
720 1648 816 1708 multo
829 1645 904 1706 mihi
916 1646 1003 1723 plura
1015 1645 1171 1721 relinquet.

372 1742 538 1802 Excessere
552 1750 666 1801 metum
679 1760 747 1801 mea
764 1741 827 1819 jam
840 1740 931 1800 bona
974 1737 1092 1816 Fingite
1105 1737 1187 1800 demi

372 1834 457 1895 Huic
471 1835 582 1912 aliquid
597 1835 711 1911 populo
725 1844 861 1894 natorum
875 1852 968 1911 posse
981 1851 1125 1906 meorum,

372 1928 445 1987 Non
460 1938 564 1988 tamen
575 1928 616 1987 ad
629 1946 785 1987 numerum
800 1927 918 2005 redigar
931 1926 1060 2003 spoliate
1072 1925 1200 1986 duorum

372 2016 529 2100 [Latonae
571 2021 675 2080 Turba
687 2037 765 2097 quae
778 2030 924 2097 quantum
937 2020 1029 2080 distat
1043 2018 1082 2080 ab
1095 2015 1206 2098 orbai]

372 2114 420 2174 Ite
434 2113 537 2187 sacris,
551 2123 707 2191 properate
718 2113 820 2187 meris,
834 2114 1010 2189 laurumque
1023 2111 1140 2188 capillis

373 2206 480 2266 Ponite
490 2210 497 2266 Ι
507 2240 550 2250 -
560 2208 729 2283 Deponunt
739 2215 770 2266 et
782 2224 867 2266 sacra
879 2205 991 2266 iniecta
1002 2205 1183 2280 relinquunt,

372 2299 524 2376 Quodque
538 2299 616 2372 licet,
632 2299 723 2359 tacito
737 2308 916 2359 venerantur
929 2316 1078 2359 murmure
1091 2315 1213 2358 numen.
1245 2323 1247 2327 ³

372 2393 534 2472 Indignata
547 2393 605 2452 dea
619 2400 674 2465 est,
688 2410 866 2469 summoque
879 2391 912 2454 in
925 2390 1034 2452 vertice
1049 2389 1161 2470 Cynthi

371 2485 496 2546 Talibus
511 2495 557 2546 est
569 2485 658 2545 dictis
671 2485 793 2564 gemina
805 2504 875 2545 etim
888 2485 972 2561 prole
985 2485 1103 2546 locuta:

371 2580 420 2639 En
434 2598 500 2658 ego,
516 2576 615 2639 vestr'a
628 2597 746 2655 parens,
760 2578 848 2639 vobis
861 2579 999 2640 animosa
1010 2578 1128 2651 creau's,
1160 2574 1165 2584 ’

371 2673 412 2732 Et
425 2671 483 2732 nisi
497 2672 610 2749 Junoni
624 2672 699 2731 nulli
712 2689 833 2732 maura
845 2671 978 2745 dearum

371 2767 422 2824 An
436 2765 495 2825 dea
508 2765 572 2838 sim,
587 2765 716 2839 dubitor,
730 2782 843 2841 perque
858 2765 960 2826 omnia
973 2764 1074 2826 secula
1086 2761 1175 2825 cultis

371 2860 494 2931 Arceor,
509 2877 529 2917 o
543 2857 613 2931 nati,
628 2857 687 2917 nisi
699 2875 755 2918 voa
769 2856 948 2932 succrmitis
962 2857 1030 2920 ario.

371 2952 439 3010 Nec
452 2951 539 3011 dolor
551 2950 602 3010 hic
614 2951 715 3010 solus:
735 2951 801 3010 diro
814 2950 952 3011 convicia
964 2951 1045 3012 iacto

370 3043 509 3104 Tantalis
523 3043 642 3123 adjecit,
656 3061 771 3120 vosque
784 3052 831 3103 est
844 3054 1026 3120 postponere
1040 3043 1119 3104 natis

371 3138 456 3196 Ausa
469 3135 541 3210 suis,
556 3146 588 3196 et
599 3155 657 3210 me,
673 3136 755 3212 quod
768 3136 800 3195 in
814 3136 911 3213 ipsam
922 3137 1044 3209 recidat,
1060 3137 1165 3198 orbam

370 3228 463 3303 Dixit,
479 3248 518 3289 ex
531 3228 665 3289 exhibuit
677 3230 809 3307 linguam
823 3230 967 3290 scelerata
980 3240 1143 3306 paternam.

370 3322 538 3401 Adjectura
550 3340 655 3399 preces
669 3332 733 3382 erat
746 3322 793 3382 his
808 3324 927 3382 Latona
939 3323 1059 3397 relatis;

369 3413 506 3475 Desine:
526 3415 666 3475 Phoebus
679 3415 729 3489 ait,
744 3433 860 3492 poenae
873 3434 959 3476 more
970 3416 1061 3493 longa
1074 3414 1197 3491 querela
1208 3424 1263 3484 est
1313 3442 1326 3474 ι

370 3506 456 3568 Dixit
469 3506 551 3567 idem
566 3508 707 3581 Phoebe;
726 3507 878 3584 celerique
891 3526 947 3586 per
958 3510 1029 3570 aera
1041 3508 1128 3585 lapsu

370 3600 568 3679 Contigerant
580 3600 652 3659 tecti
666 3598 833 3660 Cadmeida
845 3600 976 3662 nubibus
990 3619 1098 3662 arcem.

370 3692 485 3752 Planus
499 3702 563 3752 erat
576 3693 695 3769 lateque
708 3702 816 3770 patens
829 3712 925 3770 prope
937 3694 1057 3756 moenia
1069 3713 1201 3773 campus,

367 3784 510 3846 Assiduis
523 3787 659 3863 pulsatus
671 3785 765 3863 equis,
779 3786 833 3846 ubi
845 3787 933 3848 turba
944 3797 1075 3850 rotarum

370 3878 516 3955 Duraque
530 3879 676 3940 mollierat
690 3881 838 3959 subjectas
850 3881 963 3958 ungula
974 3882 1088 3960 glebas.

371 3970 1097 4053 ParsibidesepoemgenitisAmplrioueIortes
