3550 4859
406 567 462 621 140
719 564 746 607 Ρ.
764 563 898 609 vinormr
919 562 1062 610 aaronis

1019 638 1032 665 0

443 706 504 767 Hic
519 707 600 767 aliud
615 709 709 787 majus
723 707 839 767 miseris
852 708 1007 784 multoque
1021 699 1208 769 tremendum

400 800 547 880 Objicitur
560 801 662 877 magis,
679 810 768 877 atque
783 800 950 878 improvida
963 810 1086 877 pectora
1100 802 1207 864 turbat

401 895 553 967 Laocoon,
569 895 675 954 ductus
691 895 835 970 Neptuno
850 904 928 953 sorte
944 894 1090 968 sacerdos,

402 988 569 1047 Sollemnes
583 997 697 1046 taurum
712 985 863 1063 ingentem
876 989 1027 1047 mactabat
1041 988 1080 1047 ad
1094 1005 1168 1047 aras

402 1082 481 1140 Ecce
495 1090 595 1139 autem
609 1078 720 1156 gemini
734 1097 753 1138 a
766 1080 893 1139 Tenedo
907 1080 1065 1156 tranquilla
1078 1098 1132 1156 per
1145 1079 1254 1139 alta-

344 1196 346 1199 ·
401 1174 553 1232 Horresco
567 1173 696 1231 referens
705 1207 746 1214 -
755 1171 908 1232 immensis
922 1172 1044 1233 orbibus
1060 1191 1172 1249 angues

401 1267 583 1325 Incumbunt
597 1266 715 1343 pelago,
731 1265 900 1342 pariterque
915 1266 954 1325 ad
968 1266 1055 1325 litora
1069 1266 1215 1340 tendunt3

400 1361 525 1419 Pectora
540 1378 665 1434 quorum
679 1358 756 1418 inter
769 1358 876 1420 fluctus
889 1368 1002 1419 arrecta
1014 1359 1164 1435 jubaeque

402 1450 589 1530 Sanguineae
604 1462 743 1527 superant
756 1452 872 1524 undas3
894 1470 962 1527 pars
976 1461 1076 1511 cetera
1089 1461 1215 1529 pontum

401 1548 484 1605 Pone
499 1544 570 1623 legit
584 1544 742 1621 sinuatque
756 1544 903 1604 immensa
916 1544 1066 1604 volumine
1081 1555 1169 1621 terga

401 1638 450 1697 Fit
464 1638 578 1697 sonitus
592 1648 749 1715 spumante
764 1639 848 1713 salo,
867 1640 989 1714 jamque
1004 1657 1074 1698 arva
1087 1638 1239 1712 tenebant,

401 1733 611 1808 Ardentesque
626 1733 729 1792 oculos
744 1732 859 1792 suffecti
874 1731 1016 1809 sanguine
1031 1742 1062 1792 et
1075 1731 1145 1809 igni,
1204 1777 1209 1785 .

401 1824 494 1885 Sibila
508 1825 682 1888 lambebant
695 1824 802 1902 linguis
815 1825 1003 1885 vibrantibus
1017 1844 1077 1885 ora

400 1917 578 1995 Diffugimus
591 1918 657 1978 visu
672 1937 844 1995 exsangues.
887 1918 938 1978 nli
951 1917 1069 1995 agmine
1083 1926 1166 1979 certo

399 2013 575 2079 Laocoonta
588 2022 713 2088 petunt,
734 2022 763 2072 et
777 2011 905 2088 primum
920 2031 1011 2088 parva
1025 2012 1150 2072 duorum

400 2106 535 2181 Corpora
548 2116 684 2165 natorum
699 2124 821 2181 serpens
835 2106 989 2182 amplexus
1002 2115 1127 2182 uterque

399 2198 540 2275 Implicat
554 2209 584 2258 et
598 2198 721 2258 miseros
735 2218 835 2258 morsu
849 2199 1019 2275 depascitur
1032 2210 1132 2275 artus5

399 2292 473 2351 Post
487 2291 592 2368 ipsum,
608 2291 717 2351 auxilio
732 2293 909 2352 subeuntem
923 2311 959 2351 ac
972 2294 1033 2353 tela
1046 2293 1198 2366 ferentem,
1224 2308 1227 2313 ·

399 2383 579 2461 Corripiunt,
595 2384 739 2461 spirisque
754 2384 846 2461 ligant
860 2384 1049 2461 ingentibus;
1069 2396 1100 2446 et
1112 2386 1176 2464 jam

399 2476 450 2537 Bis
464 2476 596 2540 medium
610 2477 748 2554 amplexi,
762 2478 810 2538 bis
824 2479 904 2538 collo
919 2498 1060 2555 squamea
1073 2478 1184 2539 circum

301 2638 305 2647 ,
398 2573 496 2648 Terga
510 2571 580 2646 dati,
597 2581 736 2647 superant
750 2572 848 2648 capite
862 2581 893 2632 et
907 2572 1071 2631 cervicibus
1086 2572 1162 2632 altis.

399 2665 455 2725 Ille
471 2663 558 2724 simul
573 2663 709 2724 manibus
724 2664 820 2724 tendit
835 2664 975 2725 divellere
990 2665 1097 2740 nodos,

398 2757 538 2817 Perfusus
552 2751 634 2818 sanie
648 2756 737 2818 vittas
751 2766 876 2833 atroque
891 2777 1016 2832 veneno,

399 2851 555 2910 Clamores
570 2851 657 2910 simul
671 2850 838 2911 horrendos
853 2852 892 2911 ad
906 2850 1004 2912 sidera
1018 2849 1115 2912 tollit:

398 2943 510 3017 Quales
524 2944 662 3021 mugitus,
678 2944 751 3021 fugit
765 2963 857 3019 quum
872 2943 989 3004 saucius
1003 2963 1085 3005 aram

397 3036 514 3094 Taurus
529 3046 559 3094 et
572 3036 715 3096 incertam
729 3036 857 3097 excussit
872 3036 985 3098 cervice
1000 3036 1135 3097 securim

398 3129 440 3187 At
453 3127 563 3205 gemini
577 3128 663 3205 lapsu
676 3129 800 3190 delubra
813 3130 852 3190 ad
866 3149 983 3190 summa
997 3131 1143 3190 dracones

397 3219 549 3297 Effiigiunt
564 3240 729 3299 saevaeque
742 3234 849 3299 petunt
863 3223 1028 3284 Tritonidis
1042 3242 1149 3298 arcem,

399 3314 461 3373 Sub
475 3313 663 3390 pedibusque
677 3315 752 3375 deae
767 3315 915 3393 clipeique
929 3317 986 3377 sub
1001 3318 1074 3377 orbe
1087 3325 1233 3393 teguntur.

396 3407 474 3465 Turn
489 3425 560 3467 vero
574 3408 747 3468 tremefacta
760 3428 856 3469 novus
870 3428 925 3486 per
937 3420 1061 3487 pectora
1075 3408 1192 3470 cunctis

397 3497 533 3558 Insinuat
547 3518 648 3575 pavor,
663 3510 695 3558 et
708 3501 805 3561 scelus
818 3502 997 3579 expendisse
1011 3511 1177 3564 merentem

397 3592 572 3651 Laocoonta
585 3592 690 3666 senmt,
706 3612 820 3653 sacrum
836 3594 888 3671 qui
902 3595 1026 3672 cuspide
1039 3596 1131 3656 robur

388 3684 530 3745 Laeserit
544 3695 574 3746 et
587 3694 670 3762 tergo
684 3687 857 3747 sceleratam
871 3688 1020 3750 intorserit
1033 3690 1158 3750 hastam

397 3778 575 3838 Ducendum
590 3778 629 3840 ad
643 3778 731 3838 sedes
745 3779 935 3840 simulacrum
949 3782 1122 3859 orandaque
1136 3781 1224 3844 divae

397 3870 528 3930 Numina
541 3871 737 3932 conclamant

397 3961 566 4024 Dividimus
579 3983 680 4026 muros
692 3974 724 4028 et
737 3963 859 4027 moenia
870 3964 1030 4044 pandimus
1043 3963 1132 4030 urbis
1154 4014 1158 4024 .
