3550 4859
413 537 453 608 64
515 551 541 595 Ρ.
562 551 664 596 0v1n11
684 552 821 598 NASONIS
841 552 993 597 TRISTIUM
1015 552 1074 596 LIB.
1092 553 1133 596 lv.
1154 553 1241 598 ELEG.
1260 555 1292 598 X.

412 696 514 770 Quum
529 697 617 757 maris
633 696 741 758 Euxini
755 697 869 775 positos
883 698 922 758 ad
936 698 1021 758 laeva
1035 698 1170 759 Tomitas

453 789 603 864 Quaerere
618 810 666 851 me
682 792 753 851 laesi
768 790 913 870 Principis
928 789 970 851 ira
981 792 1075 867 jubet

413 883 514 944 Causa
526 902 612 944 meae
627 885 742 945 cunctis
756 873 880 943 nimium
896 903 1015 960 quoque
1030 894 1102 945 nota
1115 883 1218 947 minae

453 975 572 1037 Indicio
586 988 704 1036 nonest
720 977 906 1037 testificanda
920 996 996 1036 meo.
1357 1009 1395 1039 ιω

412 1068 494 1143 Quid
509 1071 633 1129 reseram
648 1070 851 1147 comitumque
865 1071 948 1129 nefas
962 1070 1147 1147 famulosque
1162 1075 1330 1135 nocentes?

453 1164 525 1239 Ipsa
540 1163 634 1221 multa
647 1162 701 1223 tuli
716 1182 777 1221 non
792 1162 903 1223 leviora
916 1162 991 1239 fuga

412 1254 573 1332 Indignata
587 1256 673 1315 malis
686 1275 771 1315 mens
786 1266 831 1315 est
845 1257 1046 1327 succumbere,
1062 1274 1155 1333 seque

455 1348 603 1409 Praestitit
618 1348 758 1408 invictam
771 1348 882 1408 viribus
896 1367 950 1407 usa
963 1347 1043 1421 suis,

413 1440 593 1517 Oblitusque
608 1441 667 1500 mei
682 1443 849 1517 ductaeque
864 1460 916 1518 per
930 1440 992 1501 otia
1004 1440 1091 1515 vitae,

453 1534 579 1594 Insolita
594 1535 660 1611 cepi
675 1534 816 1611 temporis
830 1554 912 1594 arma
925 1553 1035 1608 manu3

412 1630 533 1705 Totque
548 1627 601 1688 tuli
616 1640 692 1712 terra
705 1648 791 1688 casus
805 1629 980 1705 pelagoque,
996 1638 1070 1704 quot
1083 1627 1161 1689 inter

453 1721 614 1781 Occultum
629 1722 731 1782 stellae
745 1720 999 1798 conspicuumque
1013 1722 1124 1798 polum.

411 1815 508 1874 Tacta
520 1814 593 1873 mihi
607 1816 728 1875 tandem
742 1814 839 1891 longis
850 1813 1000 1875 erroribus
1013 1825 1082 1875 acto

451 1908 560 1984 Juncta
575 1907 749 1984 pharetratis
764 1907 904 1967 Sarmatis
919 1926 971 1966 ora
985 1906 1078 1969 Getis.

411 2000 475 2061 Hic
489 2020 555 2078 ego,
571 2000 702 2060 finitimis
717 2000 850 2078 quamvis
864 2000 1063 2061 circumsoner
1078 2000 1175 2077 armis,

451 2094 568 2169 Tristia,
585 2114 645 2171 quo
659 2114 790 2172 possum,
806 2093 938 2154 carmine
953 2095 1013 2153 sata
1026 2094 1102 2155 levo.

350 2222 354 2230 ·
411 2188 503 2263 Quod
518 2187 651 2265 quamvis
665 2207 755 2248 nemo
769 2199 814 2248 est
828 2189 914 2264 cujus
927 2189 1067 2248 reseratur
1080 2189 1119 2249 ad
1135 2209 1228 2265 aurea,

451 2280 499 2341 Sic
513 2292 613 2341 tamen
629 2283 753 2341 absumo
767 2281 945 2357 decipioque
960 2281 1048 2340 diem

411 2374 498 2451 Ergo,
515 2376 595 2451 quod
611 2374 679 2435 vivo
694 2373 834 2451 durisque
849 2373 1000 2434 laboribus
1015 2376 1111 2449 obsto,

451 2469 517 2527 Nec
532 2487 580 2527 me
595 2466 739 2526 sollicitae
753 2466 854 2527 taedia
866 2466 941 2526 lucis
955 2468 1075 2541 habent,

410 2560 521 2633 Gratia,
539 2562 636 2634 Musa,
653 2559 725 2621 tibi:
746 2579 815 2619 nam
830 2571 862 2620 tu
876 2559 983 2620 solatia
996 2562 1141 2636 praebes,

450 2655 499 2713 Tu
513 2672 600 2713 curae
614 2654 739 2730 requies,
756 2664 788 2715 tu
802 2652 951 2713 medicina
963 2652 1065 2714 venis:

409 2747 458 2806 Tu
471 2746 533 2806 dux
547 2759 577 2807 et
591 2766 692 2807 comes
707 2767 759 2823 es3
780 2758 813 2807 tu
826 2766 882 2806 nos
896 2746 1020 2807 abducis
1035 2748 1074 2808 ab
1088 2750 1175 2823 Istro,

450 2842 488 2898 In
502 2841 662 2916 medioque
677 2840 750 2900 mihi
764 2842 818 2901 das
834 2839 984 2902 Helicone
999 2841 1107 2910 locum.

409 2933 457 2991 Tu
471 2932 552 3005 mihi,
569 2933 651 3009 quod
664 2953 769 3007 rarum,
785 2933 854 2993 vivo
868 2932 994 2994 sublime
1009 2932 1118 2994 dedisti

449 3026 578 3098 Nomen,
594 3028 633 3085 ab
648 3025 794 3102 exsequiis
809 3027 891 3102 quod
905 3027 975 3086 dare
988 3027 1068 3086 sama
1081 3028 1176 3103 solet,

410 3118 484 3191 Nec,
501 3118 551 3195 qui
565 3119 710 3179 detrectat
723 3119 899 3196 praesentia,
914 3118 988 3180 livor
1002 3120 1106 3197 iniquo

450 3213 553 3272 Ullum
567 3213 606 3271 de
621 3212 728 3272 nostris
743 3213 832 3273 dente
847 3212 1007 3273 momordit
1021 3232 1104 3290 opus

409 3305 489 3363 Nam
503 3304 622 3365 tulerint
635 3324 759 3382 magnos
774 3326 865 3383 quum
879 3296 979 3366 secula
992 3317 1093 3368 nostra
1106 3308 1220 3385 politas,
1285 3378 1288 3385 1
1351 3337 1388 3375 ιι,
1403 3307 1410 3319 ’

394 3424 403 3445 ·
450 3399 521 3464 Non
536 3397 590 3457 fuit
603 3397 723 3475 ingenio
737 3400 816 3458 sama
829 3398 959 3476 maligna
972 3419 1040 3460 meo
1051 3423 1060 3476 3

409 3489 569 3567 Quumque
583 3510 640 3567 ego
653 3510 835 3568 praeponam
849 3495 959 3554 multos
972 3492 1053 3568 mihi,
1069 3512 1132 3555 non
1145 3492 1243 3556 minor
1255 3491 1313 3556 illis

449 3582 550 3655 Dicor,
566 3582 641 3643 etin
656 3594 720 3645 toto
734 3585 876 3661 plurimus
889 3588 963 3647 orbe
977 3587 1066 3663 legor.

408 3675 439 3735 Si
454 3675 525 3752 quid
539 3677 652 3737 habent
665 3676 752 3755 igitur
764 3689 866 3738 vatum
879 3679 1032 3757 praesagia
1045 3680 1114 3755 veri,

449 3768 586 3829 Protinus
600 3780 633 3829 ut
646 3770 762 3844 moriar,
777 3790 839 3831 non
854 3791 914 3846 ero,
929 3784 1014 3847 terra,
1030 3784 1104 3834 tuus
1350 3802 1389 3840 ¹³0

410 3860 478 3922 Sive
492 3863 591 3922 favore
606 3863 668 3936 tuli,
684 3863 746 3924 sive
763 3865 842 3924 hanc
856 3884 913 3942 ego
930 3866 1058 3927 carmine
1075 3867 1185 3928 famam

447 3957 528 4032 Jure,
544 3955 598 4016 tibi
611 3968 717 4034 grates,
732 3958 860 4020 candide
874 3960 976 4034 lector,
991 3978 1056 4038 ago.
