3550 4859
739 558 979 606 ΜΠΒΟΒΉΒ.
1000 558 1034 602 11.

396 704 569 786 Accingunt
582 723 689 767 omnes
702 705 794 784 operi,
809 705 997 784 pedibusque
1011 712 1142 764 rotarum

398 799 567 881 Subjiciunt
580 798 691 877 lapsus,
706 809 738 860 et
752 809 880 877 stuppea
892 798 1012 859 vinmda
1025 796 1105 857 collo

397 892 573 953 Intendunt
615 893 738 953 Scandit
751 893 849 952 fatalis
863 890 1001 951 machina
1014 907 1124 961 muros,

398 987 473 1045 Feta
486 986 585 1046 armis.
628 984 716 1045 Pueri
730 986 842 1045 circum
856 984 1058 1061 innuptaeque
1072 979 1190 1058 puellae

398 1080 489 1139 Sacra
502 1088 621 1152 canunt,
637 1080 798 1154 funemque
812 1097 903 1137 manu
917 1077 1091 1155 contingere
1104 1074 1245 1155 gaudent.

400 1171 458 1232 Illa
472 1172 560 1246 subit,
576 1172 753 1248 mediaeque
767 1170 885 1230 minans
900 1170 1030 1231 illabitur
1043 1169 1115 1229 urbi

400 1265 429 1325 Ο
442 1265 546 1341 patria,
561 1283 582 1324 o
594 1264 696 1325 divum
710 1265 819 1324 domus
834 1263 933 1335 Ilium,
948 1272 979 1322 et
992 1262 1105 1322 incluta
1117 1262 1198 1322 bello

400 1357 526 1417 Moenia
539 1358 760 1417 Dardanidum!
782 1366 887 1434 quater
901 1356 966 1432 ipso
980 1355 1012 1413 in
1025 1355 1127 1414 limine
1140 1363 1244 1431 portae

401 1449 547 1523 Substitit,
563 1459 652 1527 atque
667 1459 752 1509 utero
765 1448 896 1509 sonitum
911 1456 1016 1524 quater
1029 1465 1111 1507 arma
1125 1447 1236 1507 dedere
1249 1468 1258 1522 3

399 1545 552 1602 Instamus
566 1553 666 1603 tamen
680 1543 870 1603 immemores
884 1541 1026 1616 caecique
1040 1539 1147 1613 furore,

400 1637 440 1695 Et
452 1646 619 1696 monstrum
633 1636 736 1696 infelix
749 1644 865 1695 sacrata
878 1633 1010 1694 sistimus
1024 1651 1100 1692 arce.

398 1728 487 1787 Tunc
500 1727 590 1787 etiam
603 1728 672 1787 fatis
685 1728 779 1805 apfflt
793 1726 964 1788 Cassandra
976 1726 1081 1786 suturis

398 1821 470 1893 Ora,
485 1820 535 1881 dei
553 1821 637 1899 jussu
652 1839 713 1880 non
728 1839 870 1897 umquam
884 1820 997 1879 credita
1010 1816 1142 1880 Teucris

398 1917 465 1976 Nos
479 1916 606 1976 delubra
618 1916 707 1975 deum
721 1915 830 1989 miseri,
846 1915 955 1991 quibus
968 1914 1089 1974 ultimus
1103 1921 1184 1974 esset

399 2010 457 2069 Ille
470 2008 544 2083 dies,
559 2009 634 2068 festa
647 2008 780 2067 velamus
793 2008 900 2067 fronde
914 2027 968 2084 per
980 2007 1091 2066 urbem.

438 2102 573 2161 Vertitur
586 2101 699 2162 interea
712 2102 828 2161 coelum
843 2109 875 2160 et
888 2100 946 2160 ruit
960 2118 1074 2160 oceano
1089 2101 1167 2172 Nox,

398 2195 562 2254 Involvens
576 2195 681 2254 umbra
694 2213 802 2270 magna
815 2204 984 2269 terramque
998 2193 1161 2269 polumque

398 2287 685 2367 Myrmidonumque
699 2288 786 2346 dolos
798 2308 806 2361 3
826 2286 884 2345 iusi
898 2305 952 2363 per
965 2286 1084 2345 moenia
1097 2285 1206 2345 Teucri

399 2381 599 2455 Conticuere;
618 2398 709 2458 sopor
723 2376 818 2440 sessos
832 2379 1040 2457 complectitur
1053 2388 1141 2438 artus.

399 2476 440 2535 Et
456 2475 520 2554 jam
535 2474 646 2553 Argiva
659 2474 789 2551 phalanx
802 2473 953 2532 instructis
969 2471 1095 2531 navibus
1107 2471 1170 2531 ibat

398 2570 429 2627 A
443 2567 579 2641 Tenedo,
593 2567 702 2627 taeitoe
715 2585 770 2643 per
783 2566 879 2625 amica
894 2565 1011 2626 silentia
1024 2566 1112 2625 lunae

399 2662 502 2721 Litora
516 2670 588 2719 nota
601 2669 715 2736 petens,
730 2660 864 2719 flammas
878 2678 970 2735 quum
984 2658 1065 2737 regia
1077 2656 1187 2735 puppis

400 2754 563 2827 Extulerat,
578 2753 706 2829 satisque
721 2752 811 2811 deum
825 2751 967 2811 defensus
981 2749 1092 2829 iniquis

401 2849 539 2908 inclusos
554 2856 639 2906 utero
652 2847 777 2905 Danaos
791 2856 822 2904 et
834 2844 925 2920 pinea
938 2843 1037 2904 furtim

401 2943 496 3001 laxat
509 2941 639 2999 claustra
653 2938 756 2998 Sinon.
799 2937 875 2997 Illos
888 2936 1054 3014 patefactus
1067 2936 1107 2995 ad
1120 2954 1206 2996 auras

402 3032 516 3093 Reddit
530 3050 632 3109 equus,
647 3030 777 3107 laetique
790 3049 866 3090 caro
879 3048 913 3089 se
927 3030 1034 3089 robore
1048 3038 1190 3105 promunt

401 3124 612 3186 Thessandrus
626 3124 845 3199 Sthenelusque
858 3122 953 3182 duces
967 3132 997 3182 et
1011 3122 1094 3182 dirus
1107 3122 1222 3195 Ulixes,

401 3219 576 3279 Demissum
590 3216 667 3295 lapsi
680 3236 735 3294 per
748 3216 859 3289 funem,
874 3218 1074 3292 Acamasque,
1089 3215 1260 3292 Thoasque,

401 3311 583 3388 Pelidesque
598 3310 825 3387 Neoptolemus,
840 3308 1013 3385 primusque
1028 3308 1189 3381 Machaon,

402 3407 442 3466 Et
456 3405 623 3477 Menelaus,
639 3414 670 3464 et
683 3403 747 3479 ipse
761 3401 824 3462 doli
837 3400 996 3461 fabricator
1010 3402 1121 3478 Epeus.

401 3499 555 3558 Invadunt
568 3496 673 3557 urbem
687 3513 795 3555 somno
807 3492 939 3570 vinoque
952 3494 1118 3569 sepultam3

367 3586 370 3590 ’
402 3591 578 3653 Caeduntur
590 3587 703 3667 vigiles,
718 3587 871 3665 portisque
884 3585 1055 3663 patentibus
1069 3603 1174 3647 omnes

402 3683 565 3761 Accipiunt
579 3681 677 3742 socios
690 3689 781 3756 atque
794 3679 914 3756 agmina
926 3678 1047 3739 conscia
1064 3679 1200 3758 jungunt

394 3801 396 3806 ·
444 3779 578 3853 Tempus
591 3784 662 3848 erat,
678 3792 739 3851 quo
751 3772 848 3849 prima
861 3772 947 3850 quies
960 3771 1135 3834 mortalibus
1149 3770 1245 3849 aegris

402 3869 515 3946 Incipit
530 3879 560 3928 et
574 3869 656 3927 dono
669 3866 770 3926 divum
783 3864 949 3942 gratissima
962 3865 1060 3942 serpit.

404 3964 444 4021 In
458 3960 580 4035 somnis,
595 3978 674 4035 ecce,
689 3969 759 4021 ante
773 3958 876 4020 oculos
890 3957 1107 4020 maestissimus
1123 3959 1239 4020 Hector
