3550 4859
399 559 439 621 3⁶
727 558 759 603 u.
781 558 883 604 ormu
903 558 1039 608 nmmo

399 703 491 777 uidit,
507 664 710 765 etonem
723 704 922 780 smnopeee
935 704 1054 782 nutu
1068 714 1195 782 meum,
1331 737 1376 772 -m

399 797 541 873 Dumque
555 797 637 873 fugit,
652 807 737 875 tergo
750 797 900 856 velamina
912 796 997 873 lapsa
1010 796 1139 874 reliquit

399 891 444 949 Ut
457 891 505 949 lea
519 908 607 949 saeva
621 889 699 948 sitim
712 890 807 949 multu
819 890 1007 972 compescuit
1018 892 1110 965 undu,

399 984 481 1041 Dum
495 982 573 1041 redit
587 983 618 1040 in
631 982 731 1055 silvas,
746 982 885 1042 inventos
899 982 974 1044 forie
987 982 1053 1045 siue
1067 984 1135 1062 ipso

399 1077 460 1137 Ore
474 1085 628 1135 cruentato
642 1085 747 1134 tenues
761 1074 884 1134 laniavit
895 1076 1031 1138 amictus

400 1169 501 1228 Serius
515 1186 650 1245 egressus
665 1167 790 1245 vestigia
803 1167 930 1242 videtin
944 1168 1005 1230 alto
1335 1198 1372 1238 103

399 1263 523 1320 Pulvere
538 1272 619 1321 certa
631 1261 712 1319 ferae
725 1270 850 1336 totoque
864 1261 1007 1338 mpulluit
1020 1280 1073 1322 ore

399 1356 550 1432 Pyramus.
593 1355 639 1413 Ut
651 1371 723 1413 vero
736 1363 851 1421 vestem
866 1372 986 1431 quoque
1000 1354 1144 1433 sanguiue
1158 1355 1281 1420 tinctam

398 1445 540 1524 Repetit:
569 1448 641 1505 Una
654 1447 738 1519 duos,
754 1444 859 1522 iuquit,
874 1466 935 1506 nox
946 1448 1054 1525 perdet
1068 1458 1222 1510 amantes:

398 1540 425 1597 E
438 1539 546 1615 quibus
560 1538 611 1598 illa
624 1538 680 1598 fuit
694 1540 784 1617 longa
797 1540 972 1618 dignissima
985 1541 1064 1616 vita3
1080 1564 1081 1569 ¹

398 1634 510 1692 Nostra
523 1650 636 1692 nocens
649 1632 750 1692 anime
762 1642 826 1691 eat:
846 1652 904 1711 ego
917 1643 956 1707 te,
970 1633 1148 1708 miseranda,
1162 1635 1285 1711 peremi,
1332 1665 1371 1696 no

397 1726 435 1784 In
450 1724 516 1784 loca
530 1725 619 1802 plena
632 1734 730 1784 metus
744 1725 796 1802 qui
807 1726 883 1801 jussi
896 1736 986 1788 nocte
999 1726 1126 1799 venires,

398 1819 464 1877 Nec
478 1818 558 1894 prior
572 1818 631 1877 huc
644 1818 721 1878 veni
766 1821 910 1879 Nostrum
924 1819 1056 1880 divellite
1070 1837 1188 1897 corpus,

397 1912 437 1970 Et
450 1912 595 1970 scelerata
607 1911 671 1970 fero
684 1911 851 1971 consumite
863 1912 979 1972 viscera
992 1930 1102 1985 morsu,

397 2003 425 2064 O
440 2004 620 2080 quicumque
635 2005 761 2065 subhac
773 2004 915 2065 habitatis
928 2023 1009 2081 rupe,
1025 2005 1146 2066 leones!

398 2097 458 2156 Sed
473 2096 569 2155 timidi
583 2106 630 2156 est
644 2107 748 2173 optare
761 2115 867 2156 uocem
878 2100 885 2155 l
895 2097 1104 2157 -Velamina
1116 2096 1248 2160 Thisbes
1333 2124 1371 2170 ιι,

396 2188 498 2262 Tollit,
514 2198 545 2248 et
558 2190 597 2249 ad
610 2200 716 2267 pactae
730 2208 832 2249 sonim
845 2189 905 2250 lert
917 2190 1032 2250 arboris
1046 2190 1183 2250 umbram
1191 2212 1202 2266 ;

397 2283 500 2357 thue
515 2283 600 2342 dedit
613 2292 703 2342 notae
717 2283 861 2356 lacrimas,
877 2281 962 2342 dedit
974 2282 1087 2355 oscula,
1102 2282 1187 2357 vesti,

397 2375 511 2452 Accipe
525 2393 614 2449 nunc,
630 2374 734 2451 inquit,
749 2375 844 2435 nostri
859 2394 981 2451 quoque
995 2374 1300 2453 sanguinis-haustus!

384 2468 527 2545 Quoque
542 2480 604 2529 erat
618 2470 778 2542 accinctus,
794 2469 916 2529 demisit
930 2469 961 2528 iu
975 2468 1026 2528 iliu
1038 2470 1156 2529 ferrum.

397 2564 463 2622 Nec
477 2582 568 2637 mora,
583 2563 709 2622 ferventi
721 2563 853 2622 moriens
867 2582 884 2622 e
898 2563 1022 2624 vulnere
1036 2563 1131 2636 traxit,
1332 2588 1372 2624 uo

398 2657 437 2716 Et
454 2656 546 2735 jacuit
559 2656 717 2732 resupinus
729 2655 832 2715 humi:
852 2674 939 2716 cruor
951 2655 1061 2716 emieat
1073 2656 1142 2731 alte,

398 2751 469 2809 Non
482 2749 567 2809 aliter
580 2767 776 2825 quamquum
789 2748 893 2808 vitiato
906 2748 1007 2808 fistula
1020 2748 1144 2825 plumbo

398 2844 546 2905 Scinditur
559 2853 590 2903 et
603 2841 686 2902 tenui
700 2842 844 2903 stridente
857 2841 1004 2902 iommine
1016 2842 1121 2919 longas

398 2937 568 3016 Ejaculatur
580 2953 682 3012 aquas,
697 2945 788 3011 atque
801 2935 910 2995 ictibus
922 2937 997 2998 airu
1007 2934 1125 3011 rumpit

398 3030 525 3090 Arborei
539 3029 616 3088 fetus
630 3028 808 3105 adspergine
821 3027 922 3087 caedis
935 3027 968 3089 iu
981 3035 1076 3102 atram
1333 3050 1371 3090 ns
1467 3073 1471 3081 -

397 3125 560 3182 vertuntur
572 3120 688 3196 faciem,
703 3120 929 3197 madefactaque
941 3120 1088 3199 sangiune
1101 3116 1186 3188 radix
1235 3159 1239 3164 -

398 3214 529 3275 Puniceo
543 3214 629 3293 tingit
642 3213 806 3291 pendentia
817 3231 902 3273 mora
915 3213 1024 3276 oolore.
1038 3273 1040 3277 .

398 3309 477 3368 Dece
491 3317 572 3367 metu
585 3308 719 3367 nondum
733 3307 840 3383 posito,
855 3324 895 3365 ue
908 3306 992 3384 fallat
1004 3314 1165 3379 amantem,

398 3402 456 3461 Illa
469 3401 554 3474 redit,
566 3399 1051 3488 juvenemqueuo'culisanimoque
1064 3396 1195 3475 requirit,
1350 3447 1353 3452 ,

397 3494 576 3569 Quantaque
589 3493 688 3552 vitarit
700 3511 819 3553 narrare
831 3492 966 3569 pericula
976 3492 1086 3570 gestit3
1331 3515 1369 3556 ψ

397 3588 501 3662 thue
515 3587 613 3645 locum
626 3595 657 3644 et
669 3585 765 3645 visam
779 3585 921 3663 cognovit
933 3585 965 3646 iu
974 3586 1082 3646 arbore
1094 3585 1222 3645 formam
1230 3617 1272 3630 —

399 3678 448 3740 Sic
461 3679 532 3738 facit
544 3679 685 3737 incertam
698 3678 781 3755 pomi
794 3678 1045 3751 color-lueret,
1060 3698 1100 3738 au
1112 3678 1188 3740 haec
1201 3676 1249 3738 sit

397 3774 478 3833 Dum
492 3771 617 3844 dubitat,
632 3770 829 3830 tremebunda
840 3769 924 3831 videt
937 3771 1055 3848 pulsare
1068 3779 1225 3832 cruentum

397 3866 536 3925 Membra
550 3864 655 3938 solum,
671 3874 810 3941 retroque
823 3864 933 3940 pedem
946 3863 1022 3938 tulit,
1036 3882 1149 3941 oraque
1163 3863 1244 3925 buxo

397 3956 558 4019 Pallidiora
569 3975 677 4035 gerens
691 3957 843 4018 exhomrit
855 3957 995 4034 aequoris
1007 3957 1110 4032 imur,
1333 3978 1371 4022 ’σε
