3550 4859
885 305 901 340 Ι

736 546 918 590 GEORGICON
940 546 998 590 uu.
1023 546 1041 589 1.

400 694 501 768 Quam
516 689 623 768 quibus
639 689 669 750 in
683 691 808 769 patriam
822 702 947 753 ventosa
960 712 1014 770 per
1027 710 1156 769 aequora
1170 690 1262 753 vectis

401 788 514 845 Pontus
530 793 561 844 et
575 783 700 845 ostriferi
714 786 814 846 fauces
829 796 981 846 tentantur
993 785 1100 863 Abydi.

401 879 493 939 Libra
505 878 555 938 die
570 877 727 954 somnique
740 898 826 956 pares
840 878 892 939 ubi
905 878 1008 939 fecerit
1021 879 1118 953 horas,

402 974 441 1032 Et
455 971 586 1032 medium
600 969 659 1031 luci
674 982 764 1047 atque
779 971 891 1031 umbris
904 973 966 1048 jam
982 971 1087 1031 dividit
1101 972 1213 1046 orbem,

402 1068 554 1139 Exercete,
570 1063 631 1138 viri,
648 1074 757 1138 tauma,
774 1064 861 1124 serite
876 1065 989 1125 hordea
1003 1064 1125 1143 campis,
1342 1095 1378 1124 ,ιο

402 1160 506 1235 Usque
522 1160 577 1219 sub
591 1168 755 1217 extremum
769 1158 892 1217 brumae
907 1157 1099 1218 intractabilis
1114 1157 1258 1232 imbrem;

401 1254 544 1311 Necnon
559 1261 588 1311 et
603 1251 655 1310 lini
670 1261 801 1328 segetem
816 1261 846 1310 et
862 1252 986 1311 Cereale
1000 1270 1130 1328 papaver

400 1347 535 1423 Tempus
549 1345 640 1404 humo
655 1354 761 1422 tegere,
778 1355 807 1403 et
819 1343 997 1420 jamdudum
1011 1342 1182 1404 incumbere
1197 1342 1305 1417 aratris,

400 1440 483 1499 Dum
498 1438 577 1498 sicca
591 1439 692 1498 tellure
706 1437 784 1511 licet,
801 1437 873 1497 dum
887 1436 990 1496 nubila
1003 1436 1143 1514 pendent.

398 1533 478 1592 Vere
493 1531 569 1591 fabis
583 1532 677 1605 satio,
698 1541 760 1591 tum
774 1541 804 1591 te
820 1547 948 1608 quoque,
966 1528 1096 1603 Medica,
1111 1540 1211 1607 putres
1341 1557 1380 1599 ως

399 1623 562 1702 Accipiunt
576 1624 658 1698 sulci,
675 1635 705 1684 et
718 1624 800 1683 milio
814 1623 896 1683 venit
911 1641 1010 1682 annua
1023 1640 1101 1695 cura,

398 1717 555 1777 Candidus
569 1717 677 1777 auratis
690 1716 784 1795 aperit
798 1736 889 1794 quum
904 1714 1043 1775 comibus
1058 1733 1168 1774 annum

397 1812 524 1884 Taurus,
540 1819 570 1869 et
584 1810 707 1871 adverso
721 1811 832 1870 cedens
847 1808 938 1872 Canis
953 1806 1064 1869 occidit
1078 1819 1165 1869 astro.

395 1906 440 1962 At
454 1903 479 1963 si
493 1903 637 1963 triticeam
651 1902 681 1962 in
696 1923 824 1963 messem
838 1905 1017 1980 robustaque
1031 1902 1106 1961 farra

398 1996 560 2056 Exercebis
574 1997 697 2056 humum
712 1996 842 2075 solisque
857 1995 981 2056 instabis
995 1993 1099 2068 aristis,

395 2092 478 2160 Ante
494 2088 548 2149 tibi
564 2092 646 2150 ane
661 2090 830 2150 Atlantides
844 2090 1066 2151 abscondantur

397 2182 572 2259 Gnosiaque
587 2182 718 2243 ardentis
733 2184 860 2244 decedat
874 2184 959 2243 stella
974 2184 1120 2255 Coronae,

399 2275 514 2336 Debita
528 2296 618 2353 quam
632 2276 721 2336 sulcis
736 2276 904 2337 committas
919 2275 1040 2350 semina,
1057 2293 1206 2353 quamque

399 2370 516 2429 Invitae
531 2388 671 2447 properes
685 2370 756 2430 anni
771 2389 855 2448 spem
869 2370 988 2430 credere
1004 2379 1104 2429 terrae.

398 2462 490 2522 Multi
505 2474 574 2523 ante
589 2481 728 2523 occasum
744 2463 844 2523 Maiae
858 2482 1003 2540 coepere;
1024 2463 1076 2524 sed
1091 2462 1158 2523 illos

399 2558 581 2632 Exspectata
595 2575 680 2633 seges
694 2556 778 2616 vanis
793 2556 879 2616 elusit
893 2556 996 2616 aristis.

399 2649 431 2708 Si
445 2668 515 2709 vero
529 2647 695 2727 viciamque
711 2669 788 2710 seres
803 2649 952 2727 vilemque
966 2649 1121 2727 phaselum

398 2745 464 2802 Nec
480 2742 650 2802 Pelusiacae
666 2761 766 2802 curam
780 2744 976 2821 aspernabere
991 2742 1087 2815 lentis,

398 2836 493 2895 Haud
508 2836 634 2895 obscura
647 2836 758 2895 cadens
772 2836 870 2896 mittet
885 2835 938 2897 tibi
953 2834 1036 2913 signa
1050 2838 1177 2896 Bootes:

398 2928 513 3006 Incipe,
530 2938 560 2988 et
574 2929 613 2988 ad
627 2928 740 2989 medias
755 2938 919 2990 sementem
934 2929 1060 2989 extende
1074 2928 1202 3006 pruinas.
1318 2992 1320 2996 ,
1340 2956 1377 2995 ψ

440 3022 557 3081 Idcirco
572 3022 658 3081 certis
673 3022 841 3082 dimensum
855 3022 987 3099 partibus
1001 3023 1105 3083 orbem

397 3117 456 3174 Per
469 3116 610 3175 duodena
622 3115 696 3193 regit
710 3116 814 3175 mundi
828 3117 879 3175 Sol
893 3134 998 3175 aureus
1013 3128 1097 3175 astra

396 3208 539 3284 Quinque
554 3219 656 3268 tenent
670 3209 788 3268 coelum
803 3227 917 3283 zonae,
934 3228 1057 3285 quarum
1073 3228 1132 3268 una
1146 3226 1271 3269 corusco

395 3301 522 3377 Semper
535 3302 597 3361 sole
611 3302 720 3360 rubens
735 3311 765 3361 et
779 3302 891 3362 torrida
904 3320 1020 3379 semper
1035 3302 1072 3361 ab
1088 3300 1168 3379 igni,

396 3394 498 3468 Quam
514 3393 624 3453 circum
640 3406 787 3455 extremae
803 3395 906 3454 dextra
918 3395 1061 3471 laevaque
1076 3395 1237 3468 trahuntur,
1340 3424 1375 3464 2³5

396 3487 545 3546 Caerulea
559 3486 653 3563 glacie
668 3498 825 3548 concretae
839 3499 929 3566 atque
944 3487 1087 3548 imbribus
1101 3486 1191 3562 atris;

396 3581 466 3638 Has
480 3579 556 3639 inter
569 3579 757 3657 mediamque
772 3580 850 3640 duae
866 3578 1040 3641 mortalibus
1056 3579 1150 3658 aegris

396 3674 526 3732 Munere
541 3692 702 3733 concessae
716 3672 827 3748 divum,
843 3684 873 3734 et
887 3672 936 3734 via
951 3684 1032 3734 secta
1046 3693 1099 3751 per
1113 3675 1224 3747 ambas,

396 3765 546 3842 Obliquus
561 3785 621 3843 qua
634 3786 666 3826 se
680 3765 831 3845 signorum
845 3777 972 3827 verteret
986 3766 1068 3827 ordo.

397 3859 542 3932 Mundus,
558 3870 590 3918 ut
605 3860 643 3919 ad
658 3858 808 3937 Scythiam
824 3860 1035 3938 Rhipaeasque
1050 3860 1157 3919 arduus
1174 3879 1256 3920 arces
1338 3891 1375 3926 ψ.

397 3951 568 4030 Consurgit,
583 3952 725 4030 premitur
740 3952 852 4031 Libyae
867 3954 998 4013 devexus
1013 3952 1042 4012 in
1058 3964 1180 4014 austros.
