3550 4859
401 570 458 625 ¹24
712 569 738 612 a.
759 568 893 612 vrnmrrr
914 568 1057 612 nanoms

398 715 519 790 Europa
533 724 621 789 atque
636 712 709 773 Asia
722 714 832 790 pulsus
876 715 906 772 N
908 715 943 773 e'c
957 715 1043 790 plura
1055 725 1229 790 querentem
1339 733 1382 784 sea

399 810 491 867 Passa
504 809 607 866 Venus
621 807 722 867 medio
735 806 779 867 sic
792 805 931 867 interfata
943 808 1047 867 dolore
1061 818 1124 867 est:

439 900 584 976 Quisquis
599 920 639 973 es,
656 900 745 974 hand,
760 901 865 974 credo,¹
876 900 988 959 invisus
1002 900 1182 961 coelestibus
1196 920 1283 964 auras

398 994 511 1053 Vitales
525 992 629 1069 carpis,
645 992 765 1070 Tyriam
779 992 830 1070 qui
845 992 1000 1052 adveneris
1014 995 1125 1053 urbem.

399 1089 491 1163 Perge
505 1087 606 1158 modo,
622 1096 711 1161 atque
726 1086 796 1145 hinc
810 1096 839 1145 te
848 1085 972 1162 reginae
987 1086 1026 1145 ad
1040 1085 1143 1146 limina
1156 1087 1260 1163 perfer.

399 1178 606 1255 Namque.tibi
620 1179 744 1239 reduces
759 1178 857 1239 socios
871 1180 1057 1255 classemque
1072 1180 1194 1240 relatam

399 1272 513 1333 Nuntio
528 1283 557 1331 et
572 1271 602 1330 in
617 1283 712 1331 tutum
727 1271 818 1330 versis
832 1272 1022 1347 aquilonibus
1036 1282 1143 1347 actam,

398 1366 439 1425 Ni
454 1366 559 1425 frustra
572 1365 725 1442 augurium
738 1364 808 1424 vani
822 1366 951 1425 docuere
964 1376 1110 1442 parentes

398 1458 530 1535 Adspice
544 1458 591 1518 bis
605 1477 694 1517 senos
708 1460 852 1518 laetantes
866 1457 984 1535 agmine
998 1477 1117 1536 cycnos,

397 1552 539 1613 Aetheria
553 1572 628 1628 quos
641 1553 726 1628 lapsa
738 1553 827 1628 plaga
839 1551 924 1628 Jovis
939 1552 1000 1611 ales
1015 1560 1130 1628 aperto'

397 1647 550 1705 Turbabat
564 1647 670 1720 coelo;
691 1664 771 1705 nunc
785 1656 876 1705 terras
891 1644 995 1705 ordine
1009 1646 1101 1722 longo

396 1741 459 1798 Aut
473 1757 578 1815 capere
591 1749 641 1797 aut
651 1749 754 1822 captas
766 1740 828 1815 jam
842 1740 1016 1815 despectare
1029 1738 1186 1800 videntur:

398 1833 444 1891 Ut
457 1832 579 1891 reduces
594 1830 636 1889 illi
650 1832 756 1891 ludunt
770 1831 962 1892 stridentibus
976 1831 1038 1905 alis,

399 1926 438 1984 Et
452 1935 540 1984 coetu
554 1923 672 1984 cinxere
686 1925 798 2001 polum,
813 1935 979 2001 cantusque
993 1925 1112 1998 dedere,

398 2019 492 2077 Haud
507 2017 590 2077 aliter
603 2035 778 2094 puppesque
792 2029 861 2078 tuae
875 2019 1030 2094 pubesque
1044 2029 1162 2079 tuorum

399 2113 460 2170 Aut
473 2121 591 2189 portum
605 2122 695 2183 tenet,
711 2121 762 2170 aut
776 2112 866 2188 pleno
882 2110 962 2171 subit
976 2110 1052 2171 ostia
1064 2112 1140 2171 velo.
1218 2143 1220 2148 ·

398 2206 491 2281 Perge
506 2204 605 2278 mod0,
622 2214 660 2276 et,
676 2223 736 2279 qua
750 2213 779 2263 te
793 2204 875 2264 ducit
888 2203 945 2277 via,
961 2203 1053 2281 dirige
1066 2223 1207 2281 gressum.

439 2296 531 2371 Dixit,
547 2307 577 2357 et
591 2307 726 2357 avertens
740 2316 825 2356 rosea
840 2297 955 2357 cervice
972 2296 1093 2371 refulsit,

398 2389 634 2466 Ambrosiaeque
648 2409 753 2450 comae
768 2389 900 2449 divinum
914 2390 1023 2450 vertice
1038 2390 1162 2451 odorem

398 2483 559 2562 Spiravere,
575 2484 668 2560 pedes
682 2482 772 2543 vestis
786 2483 910 2543 defluxit
924 2484 962 2543 ad
977 2483 1062 2557 imos,

398 2579 437 2637 Et
451 2596 521 2637 vera
535 2576 653 2637 incessu
666 2576 762 2653 patuit
776 2577 840 2636 dea
884 2577 942 2636 Ille
956 2575 1007 2637 ubi
1020 2588 1148 2637 matrem

335 2669 339 2676 '
397 2670 536 2748 Agnovit,
552 2669 604 2729 tali
618 2669 779 2746 fugientem
793 2679 839 2729 est
852 2688 927 2730 voce
942 2679 1078 2729 secutus:

398 2764 479 2840 Quid
494 2776 597 2824 natum
611 2763 708 2837 toties,
724 2762 853 2823 crudelis
866 2773 899 2823 tu
914 2782 1043 2839 quoque,
1055 2760 1135 2823 falsis

398 2857 490 2917 Ludis
505 2857 703 2934 imaginibus?
723 2876 776 2916 cur
788 2856 910 2933 dextrae
921 2857 1045 2935 jungere
1059 2856 1195 2918 dextram

398 2952 470 3009 Non
484 2950 619 3010 daturae
634 2969 718 3010 veras
731 2949 833 3009 audire
847 2959 878 3010 et
891 2950 1016 3010 reddere
1030 2952 1143 3010 voces?

398 3043 521 3102 Talibus
535 3042 659 3116 incusat,
674 3061 865 3120 gressumque
880 3042 918 3102 ad
933 3042 1052 3103 moenia
1065 3041 1169 3104 tendit.
1224 3109 1228 3116 ,

398 3138 441 3197 At
453 3137 557 3195 Venus
572 3137 702 3197 obscuro
715 3135 883 3213 gradientes
898 3155 966 3195 aere
980 3135 1100 3211 saepsit,

399 3231 439 3289 Et
452 3230 546 3288 multo
560 3230 687 3289 nebulae
701 3229 813 3289 circum
828 3230 885 3291 dea
898 3228 975 3289 fudit
989 3228 1107 3303 amictu,

399 3324 528 3383 Cernere
543 3341 580 3382 ne
596 3322 662 3398 quis
676 3342 737 3397 eos,
753 3342 813 3383 neu
826 3322 893 3399 quis
907 3321 1080 3399 contingere
1094 3330 1206 3405 ponet,

399 3414 537 3475 Molirive
551 3434 673 3489 moram,
689 3426 740 3476 aut
752 3415 892 3476 veniendi
907 3435 1030 3493 poscere
1045 3434 1174 3477 caussas.

399 3508 471 3585 Ipsa
485 3508 620 3584 Paphum
635 3508 767 3568 sublimis
781 3508 852 3582 abit,
868 3510 1016 3586 sedesque
1030 3508 1132 3570 revisit

399 3602 583 3674 laetamus,
598 3602 650 3661 ubi
664 3602 806 3678 templum
820 3602 872 3675 illi,
887 3613 1067 3679 centumque
1081 3603 1199 3665 Sabaeo

398 3694 478 3753 Ture
492 3694 591 3753 calent
605 3712 672 3754 arae
687 3694 830 3771 sertisque
845 3695 1014 3755 recentibus
1027 3696 1137 3756 halant„

440 3786 616 3863 Corripuere
626 3786 706 3847 viam
719 3787 840 3861 interea,
856 3808 916 3864 qua
929 3788 1035 3847 semita
1048 3798 1202 3851 monstrat.

398 3880 525 3956 Jamque
541 3880 743 3940 ascendebant
757 3881 874 3954 collem,
890 3880 941 3956 qui
955 3880 1099 3957 plurimus
1111 3880 1179 3942 urln'

400 3970 541 4033 Imminet
555 3973 753 4051 adversasque
766 3973 924 4051 adspectat
936 3974 1065 4051 desuper
1077 3992 1168 4036 arces.
