3550 4859
403 547 439 615 18
735 571 761 616 r.
779 564 1042 619 ovrnrrrnsonrs

401 716 577 780 Exanimata
590 727 701 779 natant.
746 707 850 796 'Ipsum
865 737 985 796 quoque
1001 702 1100 779 Nelea
1114 720 1192 780 fama
1205 732 1251 783 est

400 810 573 888 Doridaque
588 822 618 871 et
632 820 717 871 natas
731 810 839 887 tepidis
854 811 977 872 latuisse
992 814 1047 872 sub
1062 813 1160 873 antris

399 906 461 964 Ter
474 906 633 980 Neptunus
647 902 733 980 aquis
747 921 815 963 cum
830 914 915 963 torvo
928 905 1051 965 brachia
1064 907 1147 967 vultu
1336 937 1374 975 rr»

400 997 541 1057 Exserere
556 1014 645 1056 ausus
659 1006 730 1070 erat,
746 1005 791 1055 ter
805 1015 866 1056 non
881 997 948 1057 tulit
962 999 1039 1058 aeris
1052 998 1144 1076 ignes

400 1091 490 1149 Alma
504 1100 604 1150 tamen
612 1087 729 1163 Tellus,
744 1100 778 1149 ut
791 1100 853 1150 erat
867 1090 1051 1151 circumdata
1063 1104 1167 1170 ponto,

401 1186 484 1244 Inter
498 1202 591 1259 aquas
605 1181 702 1260 pelagi
716 1192 946 1262 contractosque
960 1186 1093 1263 undique
1106 1186 1213 1260 fontes,

400 1278 461 1352 Qui
475 1296 507 1336 se
521 1273 717 1336 condiderant
730 1274 889 1353 inopacae
903 1278 1018 1338 viscera
1031 1279 1142 1354 matris,

399 1369 522 1429 Sustulit
536 1369 696 1430 omniferos
711 1369 790 1429 collo
805 1381 892 1430 tenus
907 1371 989 1431 arida
1002 1373 1107 1447 vultus,
1339 1399 1378 1439 ars

400 1462 610 1541 Opposuitque
625 1481 746 1522 manum
762 1464 860 1539 fronti,
875 1483 1045 1542 magnoque
1060 1477 1185 1525 tremore

399 1557 511 1618 Omnia
524 1556 697 1616 concutiens
712 1557 845 1633 paullum
860 1558 994 1618 subsedit
1007 1568 1038 1618 et
1052 1560 1135 1633 infra,

399 1651 499 1725 Quam
514 1651 591 1709 solet
605 1669 681 1724 esse,
698 1650 760 1724 fuit,
777 1650 917 1728 siccaque
931 1650 973 1711 ita
985 1670 1061 1711 voce
1074 1654 1174 1712 locuta
1187 1664 1251 1711 est:
1287 1663 1293 1680 “

398 1744 429 1803 Si
443 1744 541 1821 placet
555 1744 614 1803 hoc
629 1742 790 1821 meruique,
806 1745 879 1821 quid
894 1763 913 1804 o
927 1754 978 1811 tua
991 1744 1115 1805 fulmina
1128 1756 1255 1819 cessant,

398 1838 519 1897 Summe
534 1838 645 1898 deum?
685 1836 795 1897 Liceat·
803 1836 952 1915 periturae
965 1837 1075 1897 viribus
1089 1838 1166 1915 ignis
1341 1856 1378 1896 ‚to

398 1932 474 2007 Igne
488 1931 582 2008 perire
597 1921 658 2004 tuo,
674 1931 851 2007 clademque
865 1941 986 1991 auctore
1000 1932 1104 1991 levare.
1163 1971 1166 1975 ι

396 2023 457 2082 Vix
471 2023 611 2101 equidem
626 2024 727 2084 fauces
740 2024 816 2084 haec
830 2022 896 2102 ipsa
910 2023 941 2083 in
954 2011 1045 2084 rema
1056 2026 1175 2085 resolvo
1187 2048 1244 2086 :t—

398 2119 548 2178 Presserat
563 2138 622 2179 ora.
630 2135 725 2195 vapor
735 2140 742 2177 :
752 2127 950 2197 —tostosen
965 2117 1085 2194 adspice
1100 2118 1206 2192 crines,

399 2213 497 2289 Inque
512 2211 607 2272 oculis
621 2221 746 2285 tantum,
761 2221 877 2271 tantum
892 2223 983 2288 super
996 2227 1048 2270 ora
1061 2211 1186 2271 favillae.
1214 2247 1216 2264 .

399 2306 508 2365 Hosne
523 2303 597 2364 mihi
611 2306 730 2378 fructus,
745 2305 824 2364 hunc
838 2303 995 2364 fertilitatis
1008 2304 1156 2364 honorem
1341 2322 1378 2372 ,ες

398 2397 559 2475 Officiique
573 2399 672 2472 refers,
688 2397 770 2473 quod
785 2397 893 2457 adunci
906 2398 1029 2457 vulnera
1043 2397 1131 2456 aratri
1327 2437 1338 2468 t

398 2494 635 2568 Rastrorumque
649 2491 720 2565 fero,
736 2501 860 2566 totoque
874 2495 1015 2550 exerceor
1028 2508 1117 2565 anno,

398 2587 491 2661 Quod
505 2585 607 2662 pecori
620 2585 751 2658 frondes,
768 2583 970 2661 alimentaque
984 2584 1082 2656 mitia*
1091 2585 1199 2662 fruges,

399 2680 545 2738 Humano
558 2677 667 2755 generi,
682 2677 769 2737 vobis
784 2694 904 2754 quoque
919 2688 983 2737 tura
997 2676 1154 2738 ministro?
1169 2688 1174 2696 '

398 2771 458 2831 Sed
472 2783 573 2832 tamen
588 2769 710 2830 exitium
724 2770 772 2830 sac
786 2787 835 2829 me
848 2764 1009 2830 meruisse:
1027 2770 1100 2847 quid
1114 2770 1222 2845 undae,
1340 2801 1381 2840 ψ

334 2868 335 2874 ’
398 2866 481 2941 Quid
495 2864 601 2924 meruit
615 2864 721 2924 frater?
762 2864 825 2924 Cur
838 2862 879 2922 illi
894 2862 1002 2923 tradita
1015 2874 1095 2923 sorte

399 2961 542 3036 Aequora
555 2957 730 3016 decrescunt
744 2967 774 3016 et
788 2957 826 3016 ab
841 2957 960 3017 aethere
974 2956 1092 3035 longius
1107 2951 1237 3019 absunt?

398 3052 490 3127 Quod
505 3049 530 3110 si
544 3069 601 3109 nec
614 3047 710 3109 fratris
723 3067 780 3109 nec
794 3058 825 3109 te
839 3067 907 3108 mea
919 3049 1013 3127 gratia
1026 3049 1130 3128 tangit,

398 3146 441 3204 At
454 3141 531 3204 coeli
544 3143 683 3203 nuserere
698 3142 748 3203 tui.
793 3141 996 3219 Circumspice
1010 3153 1188 3220 utrumque:
1239 3170 1241 3175 ⁸

398 3238 506 3297 Fumat
520 3248 643 3313 uterque
658 3237 763 3313 polus;
781 3254 856 3313 quos
871 3234 895 3295 si
909 3235 1055 3296 vitiaverit
1068 3235 1154 3313 ignis,
1341 3267 1379 3305 ης

399 3329 484 3389 Atria
497 3340 595 3389 vestra
607 3340 701 3389 ruent
746 3330 833 3389 Atlas
848 3348 885 3389 en
901 3328 965 3405 ipse
980 3330 1103 3404 laborat,

397 3422 517 3500 Vixque
532 3422 592 3482 suis
606 3421 737 3481 humeris
751 3423 931 3482 candentem
946 3422 1071 3483 sustinet
1084 3440 1180 3484 axem.

398 3515 429 3577 Si
443 3516 525 3590 freta,
541 3514 566 3575 si
580 3526 673 3575 terrae
686 3526 819 3592 pereunt,
833 3515 860 3575 si*
872 3514 953 3593 regia
967 3516 1052 3591 coeli,

398 3611 437 3669 In
451 3609 545 3670 chaos
559 3608 713 3685 antiquum
728 3608 946 3669 confundimur.
990 3609 1080 3686 Eripe
1093 3608 1232 3682 flammis,

398 3701 429 3762 Si
445 3702 517 3779 quid
531 3702 629 3762 adhuc
643 3714 784 3779 superest,
800 3712 830 3761 et
843 3721 940 3762 rerum
954 3704 1077 3763 consule
1092 3721 1235 3763 summae.
1340 3731 1380 3772 ,ω

399 3795 524 3856 Dixerat
537 3796 611 3855 haec
626 3796 747 3870 Tellus;
767 3814 865 3872 neque
879 3796 961 3855 emm
976 3797 1100 3856 tolerare
1114 3811 1257 3875 vaporem

400 3889 533 3949 Ulterius
547 3888 643 3966 potuit
656 3905 713 3948 nec
727 3888 825 3949 dicere
839 3890 943 3966 plura3
964 3907 1110 3966 suumque

400 3981 516 4043 Retulit
529 4000 563 4042 os
577 3981 608 4041 in
623 3999 655 4042 se
668 3982 866 4060 propioraque
875 3981 1017 4043 manibus
1032 3992 1123 4043 anua.
