3550 4859
399 569 437 633 3¹
732 569 759 614 r.
781 568 1044 616 ovmrrsasotns
1074 586 1077 590 .

399 713 581 793 Concipiunt
595 713 762 793 Baucimue
774 733 879 793 prem
893 713 1074 792 timidusque
1088 711 1255 790 Philemon,

397 809 438 869 Et
451 808 569 869 veniam
583 808 710 887 dapibus
724 808 873 886 nullisque
886 807 1039 885 paratibus
1054 818 1148 870 orant

274 981 277 987 Ι
397 900 617 981 Unicus-anser
630 911 700 976 erat,
715 900 857 962 minimae
870 901 1010 962 custodia
1022 901 1119 976 villae,
1336 917 1378 968 ste

397 996 498 1071 Quem
511 994 558 1054 dis
571 994 740 1071 hospitibus
754 994 868 1055 domini
882 1005 1012 1056 mactare
1025 995 1178 1072 parabant.

398 1088 454 1148 llle
468 1088 547 1148 celer
560 1105 660 1166 penam
673 1087 775 1148 tardos
787 1098 889 1149 aetate·
900 1086 1011 1165 fatigat,

382 1170 385 1176 ’
398 1179 559 1258 Eluditque
574 1181 633 1254 diu,
650 1181 830 1257 tandemque
844 1192 891 1242 est
903 1180 984 1242 visus
997 1180 1037 1241 ad
1050 1180 1135 1258 ipsos

398 1273 577 1352 Confugisse
592 1274 675 1338 deos.
718 1273 823 1351 Superi
836 1286 958 1334 vetuere
970 1272 1079 1347 necari,

397 1366 498 1444 Dique
513 1386 624 1440 sumus,
641 1366 820 1444 meritasque
835 1367 898 1428 luet
911 1365 1148 1444 riciniapoenas
1336 1383 1381 1433 ⁶⁹⁹

397 1460 504 1539 Impia,
521 1460 665 1535 dixerunt,
681 1459 768 1521 vobis
782 1459 965 1521 immunibus
979 1459 1067 1537 hujus

398 1555 474 1614 Esse
488 1554 559 1614 mali
573 1553 709 1614 dabitur:
728 1554 822 1614 modo
835 1563 934 1614 vestra
946 1551 1103 1628 relinquite
1116 1562 1198 1613 tecta

395 1648 444 1707 Ac
458 1657 578 1708 nostros
592 1647 734 1708 comitate
746 1647 864 1724 gradus,
878 1656 909 1707 et
923 1645 1061 1706 inardua
1073 1644 1186 1706 montis

397 1741 445 1800 Ite
460 1739 564 1801 simul!
607 1742 717 1800 Parent
729 1750 768 1814 et,
784 1738 831 1800 dis
844 1738 1064 1816 praeeuntibus,
1076 1739 1168 1798 ambo

397 1834 538 1894 Membra
552 1834 652 1894 levant
665 1832 788 1907 baculis,
804 1832 940 1909 tardique
954 1830 1097 1892 senilibus
1107 1830 1195 1891 annis

397 1926 541 1987 Nituntur
555 1928 646 2005 longo
660 1925 785 2004 vestigia
797 1943 912 2003 ponere
924 1923 1012 1986 clivo.

337 2093 340 2097 Α
397 2021 529 2079 Tantum
543 2022 668 2080 aberant
682 2037 808 2093 summo,
824 2028 969 2095 quantum
983 2018 1079 2078 semel
1091 2016 1133 2077 ire
1147 2017 1258 2097 sagitta

397 2111 494 2172 Missa
507 2124 625 2191 potest:
644 2113 752 2174 flexere
767 2112 879 2194 oculos,
896 2121 927 2173 et
940 2129 1039 2171 mersa
1052 2110 1161 2187 palude

398 2206 507 2267 Cetera
519 2206 713 2284 prospiciunt,
733 2214 850 2266 tantum
871 2223 927 2264 sua
943 2213 1023 2264 tecta
1036 2222 1164 2263 manere.

398 2300 541 2376 Dumque
556 2319 592 2360 ea
605 2299 757 2372 mirantuu,
773 2299 845 2358 dum
859 2297 973 2359 deflent
986 2298 1048 2358 fata
1061 2315 1190 2372 suorum,

398 2392 457 2452 Illa
471 2403 564 2466 vetus,
580 2392 710 2453 dominis
724 2390 815 2452 etiam
828 2410 900 2452 casa
912 2409 1004 2468 parva
1017 2390 1158 2463 duobus,-

328 2532 333 2548 .
397 2484 530 2545 Vertitur
544 2484 574 2544 in
589 2488 752 2565 templum:
773 2485 871 2545 furcas
885 2483 1002 2545 subiere
1016 2484 1184 2556 columnae,

400 2577 548 2638 Stramina
561 2578 727 2639 flavescunt
741 2589 902 2654 aurataque
916 2586 998 2637 tecta
1009 2575 1155 2650 videntur,

400 2671 601 2748 Caelataeque
616 2673 694 2731 iores
709 2672 912 2748 adopertaque
925 2688 1072 2729 marmore
1087 2670 1181 2730 tellus

398 2763 485 2851 Talia
499 2774 561 2824 turn
576 2764 697 2841 placido
710 2763 864 2825 Saturnius
877 2762 974 2823 edidit
987 2781 1039 2824 ore
1052 2786 1058 2823 :

399 2856 509 2931 Dicite,
522 2859 602 2934 juste
617 2877 709 2917 senex
723 2869 753 2920 et
766 2856 877 2917 semina
891 2858 1019 2934 conjuge
1031 2857 1115 2934 justo

399 2949 508 3027 Digna,
524 2949 597 3027 quid
611 2949 727 3027 optetis
771 2952 850 3011 Cum
865 2948 996 3011 Baucide
1010 2967 1108 3026 pauca
1121 2948 1247 3023 locuni,

399 3041 551 3120 Judicium
565 3042 684 3120 Superis
698 3041 793 3119 aperit
806 3061 967 3103 commune
981 3041 1160 3103 Philemon:

401 3135 475 3194 Esse
490 3136 659 3196 sacerdotes
672 3136 856 3213 delubraque
868 3146 968 3196 vestra
981 3134 1056 3196 tueri

400 3227 575 3303 Posuimus;
595 3239 626 3289 et
638 3228 781 3306 quoniam
795 3229 961 3291 concordes
975 3227 1090 3307 egimus
1104 3246 1210 3303 annos,

400 3321 526 3381 Auferat
539 3321 613 3382 hora
626 3323 702 3382 duos
716 3323 831 3396 eadem,
847 3341 905 3383 nec
919 3321 1055 3399 conjugis
1068 3340 1201 3399 unquam

401 3414 493 3474 Busta
506 3433 591 3475 meae
604 3414 731 3489 videam,
746 3435 805 3476 nen
819 3414 876 3475 sim
890 3415 1083 3476 tumulandus
1096 3416 1136 3476 ab
1149 3414 1208 3477 illa

400 3508 482 3567 Vota
495 3508 570 3567 fides
584 3507 732 3584 sequitur:
753 3507 857 3585 templi
871 3509 965 3569 tutela
977 3509 1068 3583 luere,

401 3601 510 3660 Donec
523 3600 669 3661 similata
682 3612 734 3662 est
779 3599 876 3661 Annis
889 3620 1025 3679 aevoque
1039 3600 1128 3662 soluti

400 3695 482 3753 Ante
495 3693 603 3770 gradus
617 3712 715 3754 sacros
729 3713 822 3770 quum
836 3704 948 3755 starent
961 3696 1037 3755 forte
1051 3693 1171 3773 locique
1344 3719 1383 3761 ru

401 3786 563 3846 Narrarent
576 3806 672 3860 casus,
687 3788 824 3848 frondete
838 3786 1016 3847 Philemona
1029 3786 1144 3861 Baucis,

402 3878 535 3939 Baucida
548 3878 703 3957 conspexit
717 3880 815 3942 sonim
828 3880 964 3941 frondere
979 3880 1156 3940 Philemon:

401 3974 530 4049 Jamque
544 3992 633 4050 super
643 3971 946 4051 qemiuoecreecente
958 3973 1115 4034 cacumine
1127 3972 1236 4047 vultus.
