3550 4859
634 531 817 578 GHRGICON
838 532 897 577 UD.
921 532 954 575 11.

353 679 467 757 Sponte
481 694 536 739 sua
548 696 626 755 quae
640 696 673 738 se
686 680 796 739 tollunt
809 678 840 739 in
854 676 973 738 luminis
987 696 1064 753 oras,

306 772 478 832 Insecunda
491 770 621 848 quidem,
637 772 691 831 sed
705 773 784 832 laeta
797 782 828 833 et
841 771 928 833 sortia
941 782 1062 850 surgunt
1074 792 1084 847 3

305 865 430 943 Quippe
445 866 510 926 solo
524 875 629 925 natura
642 866 752 925 subest
795 867 911 925 Tamen
927 866 1001 926 haec
1015 884 1145 943 quoque,
1160 863 1187 926 si
1200 863 1278 943 quis-

306 962 435 1033 Inserat,
451 969 501 1020 aut
516 960 670 1019 scrobibus
684 959 807 1019 mandet
820 969 935 1019 mutata
948 959 1087 1033 subactis,
1263 987 1291 1026 so

306 1051 453 1112 Exuerint
467 1051 629 1113 silvestrem
643 1051 785 1125 animum,
799 1053 943 1129 cultuque
955 1051 1102 1130 frequenti

306 1148 350 1205 In
363 1164 566 1222 quascumque
579 1164 671 1206 voces
685 1156 763 1205 artes
776 1146 856 1205 haud
871 1147 955 1207 tarda
968 1156 1136 1223 sequentur.

307 1239 377 1298 Nec
392 1258 454 1297 non
468 1249 498 1298 et
512 1238 627 1312 sterilis,
643 1257 720 1314 quae
735 1238 873 1315 stirpibus
887 1238 948 1300 exit
961 1241 1000 1299 ab
1015 1239 1091 1314 imis,

273 1339 276 1343 '
307 1334 384 1392 Hoc
397 1330 494 1405 saciet,
509 1350 620 1393 vacuos
635 1330 659 1390 si
673 1330 712 1390 sit
724 1330 839 1407 digesta
853 1350 907 1407 per
919 1350 1025 1409 agros3

307 1426 402 1484 Nunc
416 1425 493 1484 altae
506 1423 627 1483 frondes
641 1434 671 1483 et
684 1423 758 1483 rami
772 1423 873 1484 matris
886 1436 1024 1502 opacant,

308 1517 525 1595 Crescentique
540 1517 675 1577 adimunt
688 1518 773 1591 setus,
788 1528 938 1595 uruntque
952 1518 1104 1579 serentem.

306 1612 389 1687 Jam,
404 1630 481 1687 quae
495 1609 658 1670 seminibus
669 1610 757 1689 jactis
771 1628 803 1670 se
812 1611 934 1688 ,sustulit
948 1613 1044 1686 arbos,
1100 1617 1104 1621 ’

307 1704 411 1791 Tarda
424 1702 513 1778 venit,
529 1702 602 1763 seris
616 1704 728 1763 factura
741 1704 902 1781 nepotibus
915 1706 1060 1780 umbram,

309 1798 466 1874 Pomaque
480 1798 661 1875 degenerant
676 1816 765 1857 sucos
779 1797 873 1858 oblita
886 1798 1008 1875 priores,

309 1892 351 1950 Et
365 1901 467 1968 turpes
482 1890 586 1951 avibus
600 1890 742 1966 praedam
756 1892 812 1951 lert
825 1909 884 1950 uva
897 1909 1038 1952 racemos

351 1983 472 2044 Scilicet
485 1983 624 2043 omnibus
639 1995 684 2043 est
698 1983 782 2043 labor
795 1983 1022 2061 impendendus,
1037 1993 1067 2045 et
1081 2001 1186 2045 omnes

309 2077 476 2154 Cogendae
490 2076 521 2135 in
536 2078 660 2149 sulcum,
676 2095 712 2136 ac
726 2077 820 2136 multa
833 2078 973 2137 mercede
986 2078 1163 2139 domandae

310 2172 373 2232 Sed
388 2170 499 2231 truncis
513 2172 597 2230 oleae
611 2170 727 2243 melius,
742 2170 906 2247 propagine
919 2170 994 2231 vites

308 2264 518 2341 Respondent,
534 2263 632 2323 solido
647 2263 779 2341 Paphiae
792 2264 831 2324 de
845 2265 952 2323 robore
966 2274 1097 2341 myrtus3

309 2357 426 2419 Plantis
440 2368 471 2418 et
484 2358 575 2419 durae
589 2356 681 2434 coryli
696 2368 865 2431 nascuntur,
880 2356 1029 2433 elingens

308 2450 465 2524 Fraxinus,
481 2451 709 2527 Herculeaeque
723 2450 811 2509 arbos
824 2451 965 2510 umbrosa
979 2467 1115 2524 coronae,

309 2544 500 2620 Chaoniique
514 2542 606 2621 patris
618 2543 761 2619 glandes,
782 2541 871 2602 etiam
885 2543 979 2603 ardua
991 2544 1091 2621 palma

309 2638 461 2711 Nascitur,
474 2648 504 2698 et
518 2655 603 2697 casus
618 2635 701 2697 abies
715 2635 813 2695 visura
826 2635 964 2696 marinos.

308 2730 456 2790 Inseritur
468 2747 539 2790 vero
553 2741 584 2789 et
597 2728 682 2789 nucis
696 2731 817 2789 arbutus
831 2728 950 2789 horrida
963 2729 1032 2804 fetu,

309 2827 350 2886 Et
366 2824 480 2884 steriles
494 2822 606 2901 platani
620 2824 720 2882 malos
729 2841 849 2899 gessere
862 2823 1015 2898 valentes5

309 2920 480 2980 Castaneae
495 2918 586 2993 sagus
603 2933 753 2992 ornusque
767 2914 900 2976 incanuit
915 2917 984 2976 albo

309 3012 402 3071 Flore
416 3009 480 3088 pirI,
494 3010 695 3087 glandemque
709 3027 776 3069 sues
790 3010 902 3086 fregere
916 3010 972 3069 sub
986 3008 1082 3069 ulmis.

353 3106 421 3164 Nec
435 3103 543 3163 modus
557 3101 684 3163 inserere
698 3112 788 3178 atque
801 3093 908 3163 oculos
922 3102 1075 3180 imponere
1090 3100 1225 3179 simplex.

309 3199 402 3269 Nam,
419 3215 479 3272 qua
492 3214 524 3255 se
538 3195 638 3255 medio
652 3196 775 3255 trudunt
788 3197 828 3256 de
841 3196 953 3257 cortice
967 3214 1102 3274 gemmae

311 3293 354 3351 Et
367 3300 473 3351 tenues
486 3300 626 3365 rumpunt
639 3288 764 3363 tunicas,
780 3300 923 3365 angustus
936 3287 968 3347 iu
984 3288 1052 3365 ipso
1265 3311 1291 3355 n

309 3383 363 3444 Fit
376 3383 459 3442 nudo
474 3381 573 3442 sinus:
593 3382 653 3443 huc
667 3382 765 3443 aliena
778 3401 815 3442 ex
829 3383 934 3441 arbore
947 3400 1068 3457 germen

310 3476 486 3549 Includunt,
503 3475 624 3553 udoque
638 3477 750 3536 docent
762 3475 928 3535 inolescere
943 3474 1026 3534 libro.

308 3573 375 3630 Aut
388 3588 502 3629 rursum
516 3571 630 3630 enodes
644 3568 739 3629 trunci
753 3578 934 3641 resecantur,
947 3578 977 3627 et
991 3569 1050 3627 alte

309 3666 339 3725 F
338 3662 452 3723 inditur
465 3662 496 3721 in
512 3662 640 3723 solidum
655 3661 759 3722 cuneis
772 3660 829 3735 via,
844 3658 955 3721 deinde
970 3662 1081 3721 feraces

309 3758 439 3817 Plantae
453 3755 667 3816 immittuntur:
688 3774 746 3814 nec
760 3756 881 3832 longum
896 3764 1022 3833 tempus,
1037 3764 1069 3815 et
1081 3754 1191 3833 ingens
1239 3787 1241 3791 ·
1266 3769 1292 3812 a·

309 3848 396 3911 Exiit
408 3849 448 3909 ad
462 3850 580 3908 coelum
594 3846 685 3908 ramis
699 3847 834 3908 felicibus
847 3848 945 3922 arbos,

308 3943 501 4021 Miraturque
516 3960 609 4001 novas
622 3941 744 4002 frondes
757 3950 788 4001 et
800 3959 863 4001 non
875 3957 933 4001 aua
943 3957 1042 4018 poma

702 4469 998 4588 163057
