3550 4859
399 566 455 626 ¹9⁴
711 564 737 605 u.
752 548 890 606 niumm
912 560 1056 605 umoris
1135 586 1140 598 .

396 711 426 769 N
428 706 618 786 octumisque
634 710 751 769 Hecate
765 706 858 767 triviis
871 706 984 766 ululata
990 703 1163 783 ‘per-tubes,

397 805 436 862 Et
451 802 541 862 Dirae
555 802 681 876 ultrices,
696 812 727 861 et
740 800 772 861 di
785 799 939 861 morientis
953 798 1075 872 Elissae,
1144 852 1148 858 .
1327 812 1382 858 ti·

397 894 535 972 Accipite
549 896 632 968 haec,
649 894 844 971 meritumque
858 893 945 953 malis
958 892 1103 954 advertite
1115 908 1237 965 numen,

398 991 437 1049 Et
451 998 568 1048 nostras
581 986 683 1047 audite
696 1006 808 1065 preces„
839 985 884 1047 .Si
899 996 1018 1063 magere
1032 995 1135 1063 portus

398 1082 559 1140 Infandum
573 1091 663 1157 caput
677 1099 713 1141 uc
727 1080 811 1140 terris
824 1079 935 1140 adnare
948 1097 1071 1139 neeesse
1085 1088 1139 1152 eet,

398 1177 437 1235 Et
452 1173 495 1234 sic
509 1175 570 1234 fata
582 1173 666 1251 Jovis
680 1184 816 1251 poscunt,
831 1172 881 1232 hic
895 1171 1037 1235 terminus
1052 1172 1172 1235 haeret:

399 1270 440 1327 At
455 1268 535 1327 bello
549 1267 669 1326 audacis
683 1266 787 1343 populi
800 1276 924 1326 vexatus
938 1276 969 1326 et
983 1264 1082 1339 armis,
1326 1280 1380 1332 ,εις

286 1431 290 1440 Ι
398 1359 522 1420 Finibus
537 1359 668 1432 extorris,
684 1360 843 1435 complexu
857 1359 976 1417 avulsus
991 1357 1057 1432 Iuli,
1114 1410 1116 1413 .

398 1452 550 1512 Auxilium
564 1451 709 1529 imploret,
725 1452 884 1527 videatque
898 1450 1021 1528 indigna
1035 1470 1153 1512 suorum

399 1550 517 1607 Funera
529 1568 538 1620 3
558 1565 622 1619 nec,
638 1564 730 1622 quum
744 1564 778 1606 se
792 1547 849 1605 sub
862 1545 944 1621 leges
958 1545 1041 1621 pacis
1056 1543 1175 1621 iniquae

399 1631 575 1713 Tradiderit,
591 1658 683 1716 regno
696 1650 747 1699 aut
761 1649 865 1715 optata
878 1640 945 1699 luce
959 1640 1088 1714 smuttu3
1206 1693 1209 1698 .

401 1734 461 1793 Sed
477 1732 564 1792 cadat
578 1742 648 1791 aute
662 1731 741 1792 diem
756 1730 914 1808 mediaque
928 1730 1099 1791 inhumatus
1112 1748 1209 1792 arena
1340 1745 1380 1785 ο»

400 1829 489 1885 Haec
502 1844 614 1901 precor,
630 1827 708 1884 hanc
722 1844 827 1901 uocem
842 1836 1004 1885 extremam
1017 1843 1087 1886 cum
1101 1822 1244 1900 sauguine
1257 1821 1361 1884 fundo.

399 1922 478 1978 Tum
493 1937 554 1993 vos,
570 1936 590 1977 o
603 1917 695 1995 Tyrii,
711 1918 832 1995 stirpem
847 1929 877 1978 et
889 1937 985 1995 genus
999 1936 1088 1977 omne
1103 1918 1232 1979 futurum

401 2014 544 2071 Exercete
559 2009 644 2083 odiis,
660 2011 811 2087 cinerique
825 2012 900 2071 haec
914 2010 1021 2070 mittite
1035 2020 1137 2072 nostro

400 2106 536 2164 Munera
580 2103 687 2163 Nullus
704 2123 789 2165 amor
801 2104 929 2181 populiS,
943 2122 1000 2163 nec
1014 2104 1136 2164 foedera
1145 2112 1250 2175 sunto.

401 2197 543 2257 Exoriare
557 2196 665 2274 aliquis
678 2199 787 2258 nostris
801 2216 839 2257 ex
852 2195 971 2258 ossibus
985 2196 1071 2270 ultor,

400 2290 462 2365 Qui
479 2291 543 2349 face
559 2291 728 2350 Dardanios
742 2290 879 2367 ferroque
894 2308 1018 2366 sequare
1032 2290 1168 2363 colonos,

401 2386 499 2457 Nunc,
516 2382 596 2456 olim,
612 2403 802 2461 quocumque
816 2385 932 2444 dabunt
946 2403 978 2443 se
992 2394 1125 2460 tempore
1139 2382 1224 2445 vires.

401 2476 504 2537 Litora
517 2476 654 2537 litoribus
667 2477 821 2550 contraria,
836 2478 975 2537 fluctibus
989 2477 1085 2538 undas

400 2573 564 2647 Imprecor‚
581 2589 662 2630 arma
675 2569 783 2645 armis;
803 2580 936 2648 pugnent
951 2569 1065 2647 ipsique
1080 2580 1275 2647 nepotesque.

402 2654 407 2661 ’
441 2665 530 2724 Haec
545 2662 594 2737 ait,
609 2674 640 2723 et
653 2673 752 2740 partes
766 2663 898 2723 animum
911 2662 1048 2723 versabat
1061 2661 1093 2723 iu
1107 2681 1221 2736 omnes,

402 2756 534 2818 Invicem
549 2775 695 2834 quaerens
709 2775 799 2833 quam
814 2757 941 2833 primum
955 2756 1131 2833 abrumpere
1144 2756 1250 2818 lucem
1337 2773 1340 2786 ¹

400 2852 480 2909 Tum
494 2851 623 2910 breviter
637 2852 749 2910 Barcen
764 2848 910 2909 nutricem
923 2849 1013 2910 affata
1025 2848 1150 2928 Sychaei
1161 2871 1171 2926 3

402 2946 542 3020 Namque
556 2962 639 3002 suam
652 2942 748 3020 patria
760 2942 883 3020 antiqua
896 2942 972 3003 ciuis
984 2953 1049 3003 ater
1062 2944 1211 3007 habebat:

402 3039 522 3096 Annam
538 3055 607 3095 cara
620 3035 692 3095 mihi
707 3036 804 3095 nutrix
817 3037 877 3095 buc
891 3035 963 3096 siste
977 3054 1109 3097 sororem
1117 3056 1128 3112 ;

403 3130 462 3189 Dic
476 3148 583 3207 corpus
596 3139 735 3207 properet
748 3128 858 3188 fluviali
872 3148 1009 3206 spargere
1022 3130 1153 3207 lympha,

403 3225 442 3283 Et
457 3223 588 3300 pecudes
603 3242 704 3283 secum
719 3234 749 3283 et
763 3232 927 3282 monstrata
940 3221 1059 3299 piacula
1069 3224 1179 3298 ducat;

404 3317 453 3377 Sic
468 3315 586 3389 veniat;
607 3327 700 3396 tuque
713 3316 779 3393 ipsa
795 3316 846 3393 pia
858 3326 926 3393 tege
939 3304 1076 3393 'tempora
1089 3314 1171 3378 vitta.
1288 3368 1293 3377 .

402 3412 492 3471 Sacra
505 3408 574 3486 Jovi
590 3409 701 3487 Stygio,
717 3428 794 3485 quae
808 3409 862 3469 rite
877 3408 998 3488 incepta
1011 3407 1121 3486 paravi,
1215 3472 1216 3476 ,

403 3503 549 3563 Perficere
564 3511 609 3561 est
622 3500 746 3575 animus,
762 3502 913 3578 finemque
927 3502 1081 3579 imponere
1095 3500 1182 3576 curis,

404 3595 609 3672 Dardaniique
623 3613 728 3672 rogum
742 3593 848 3671 capitis
861 3595 1032 3672 permittere
1045 3595 1192 3660 flammae.

403 3688 453 3751 Sic
465 3688 514 3749 ait
557 3689 616 3752 Illa
627 3688 752 3765 gradum
766 3687 865 3748 studio
879 3689 1029 3749 celerabat
1043 3687 1122 3749 anili

405 3786 447 3844 At
461 3781 586 3860 trepido,
601 3773 761 3869 et'coeptis
773 3779 953 3841 immanibus
967 3782 1056 3841 effera
1070 3780 1161 3854 Dido,
1263 3844 1266 3848 ,

405 3875 608 3954 Sanguineam·
619 3874 743 3935 volvens
756 3873 866 3948 aciem,-
874 3874 1060 3952 maculisqffi
1074 3883 1236 3938 trementes

405 3971 557 4033 Interiusa
567 3987 669 4048 geues,
683 3968 949 4047 etpullida-morte
961 3968 1068 4047 funum,
