3550 4859
654 580 1002 633 tumtunm.

339 732 501 795 Horridior
514 750 610 806 rusco,
626 734 761 809 projecta
774 730 859 791 vilior
873 732 948 809 alga,

337 828 370 889 Si
383 826 457 886 mihi
470 845 533 885 non
546 826 621 886 haec
636 826 687 884 lux
700 834 763 885 toto
781 826 843 903 jam
856 824 976 905 longior
991 842 1072 885 anno
1086 830 1140 884 est

340 922 388 981 Ite
402 920 525 980 domum
538 919 626 997 pasti,
642 919 668 979 si
682 918 749 995 quis
762 917 867 996 pudor,
885 918 925 979 ite
942 916 1070 999 juvenci.

754 1037 892 1077 CORYDON.

342 1104 478 1166 Muscosi
492 1105 591 1166 fontes
605 1115 635 1165 et
649 1124 755 1166 somno
770 1105 887 1166 mollior
899 1106 1003 1179 herba,

342 1201 381 1259 Et
395 1217 472 1275 quae
486 1218 540 1258 vos
555 1218 620 1258 rara
633 1198 735 1258 viridis
750 1198 823 1277 tegit
837 1200 959 1259 arbutus
974 1199 1087 1271 umbra,

343 1292 509 1354 Solstitium
523 1292 625 1369 pecori
639 1290 792 1352 defendite
805 1314 814 1367 3
832 1293 895 1369 jam
909 1293 991 1353 venit
1004 1302 1101 1353 aestas

341 1386 477 1460 Torrida,
497 1385 559 1463 jam
573 1385 653 1445 laeto
667 1393 786 1462 turgent
799 1384 830 1443 in
843 1384 966 1462 palmite
980 1397 1125 1464 gemmae.

769 1505 892 1544 rnrnsrs.

342 1572 406 1632 Hic
420 1571 505 1631 focus
516 1580 550 1654 et
563 1572 668 1631 taedae
678 1571 814 1651 pingues,
830 1572 880 1631 hic
894 1570 1037 1650 plurimus
1051 1569 1128 1649 ignis

343 1666 478 1741 Semper,
490 1671 521 1722 et
529 1663 656 1724 adsidua
669 1674 774 1743 postes
788 1664 912 1743 fuligine
926 1663 1021 1745 nigri3
1235 1710 1238 1713 ⁴
1298 1679 1323 1722 so

342 1758 407 1817 Hic
421 1766 536 1816 tantum
551 1755 663 1817 Boreae
679 1776 815 1817 curamus
830 1757 945 1836 frigora,
962 1765 1104 1834 quantum
1193 1834 1195 1838 y

341 1853 407 1927 Aut
421 1868 577 1908 numerum
590 1850 685 1928 lupus,
702 1860 753 1910 aut
766 1850 909 1910 torrentia
922 1849 1045 1909 flumina
1058 1848 1146 1926 ripas.

769 1963 907 2002 conroou.

343 2030 435 2089 Stant
448 2039 479 2089 et
498 2028 626 2106 juniperi
641 2041 671 2089 et
685 2040 844 2090 castaneae
858 2030 989 2090 hirsutae
999 2051 1009 2107 ,·

344 2124 446 2183 Strata
462 2123 565 2202 jacent
577 2123 689 2199 passim
705 2142 758 2183 sua
773 2142 891 2201 quaque
905 2124 961 2183 sub
976 2122 1080 2183 arbore
1094 2138 1205 2201 poma3

342 2215 458 2276 Omnia
470 2234 550 2274 nunc
564 2214 681 2290 rident;
700 2216 771 2276 atsi
785 2216 932 2276 formosus
946 2215 1052 2276 Alexis
1301 2235 1325 2277 ss

344 2307 505 2368 Montibus
518 2306 566 2369 his
580 2309 675 2383 abeat,
690 2309 794 2369 videas
808 2320 839 2368 et
852 2308 974 2369 flumina
987 2308 1073 2369 sicca

360 2407 366 2417 '
768 2412 892 2451 THYRSIS·

345 2489 425 2547 Aret
438 2506 508 2566 ager
519 2508 528 2561 ;
547 2487 619 2547 vitio
633 2488 762 2550 moriens
776 2488 839 2550 sitit
852 2489 930 2549 aeris
944 2489 1055 2562 herba;

346 2577 441 2639 Liber
453 2580 626 2657 pampineas
639 2581 746 2642 invidit
759 2582 885 2643 collibus
899 2582 1020 2641 umbras
1033 2602 1040 2640 :

348 2672 495 2752 Phyllidis
508 2673 638 2734 adventu
652 2684 771 2735 nostrae
785 2694 889 2736 nemus
904 2694 994 2735 omne
1007 2673 1122 2748 virebit,

348 2766 488 2845 Juppiter
501 2776 532 2826 et
546 2767 625 2829 laeto
638 2768 803 2829 descendet
816 2769 960 2846 plurimus
975 2768 1070 2828 imbri.

763 2885 905 2924 cumton·

353 2949 485 3027 Populus
498 2949 624 3010 Alcidae
636 2951 814 3029 gratissima,
828 2952 899 3011 vitis
914 2951 1033 3023 Iaccho,

353 3045 516 3103 Formosae
528 3051 641 3120 myrtus
654 3044 775 3118 Veneri,
791 3063 846 3104 sua
858 3043 959 3103 laurea
973 3042 1097 3103 Phoebo
1108 3064 1116 3116 3

351 3132 467 3213 Phyllis
481 3144 560 3193 amat
574 3137 707 3215 corylos3
728 3138 795 3197 illas
808 3138 880 3196 dum
895 3136 1007 3215 Phyllis
1022 3135 1141 3209 amabit,

353 3230 422 3290 Nec
434 3236 547 3307 myrtus
560 3228 660 3290 vincet
673 3231 799 3309 corylos,
815 3247 871 3289 nec
885 3229 987 3290 laurea
1001 3227 1124 3289 Phoebi.
1155 3267 1158 3271 -

784 3337 908 3377 musra.

354 3406 500 3468 Fraxinus
513 3407 544 3468 iu
558 3405 641 3467 silvis
653 3405 860 3483 pulcherrima,
874 3404 964 3481 pinus
977 3403 1009 3461 in
1022 3401 1124 3476 hortis,
1306 3416 1332 3465 ⁶⁵

352 3500 489 3578 Populus
501 3500 532 3558 in
546 3500 650 3573 fluviis,
665 3498 749 3560 abies
762 3496 794 3557 in
807 3496 958 3557 montibus
972 3494 1060 3571 altis,

355 3592 483 3670 Saepius
496 3602 527 3653 at
540 3594 567 3653 si
580 3611 638 3665 me,
653 3591 767 3670 Lycida
778 3590 919 3663 lormose,
934 3589 1057 3662 revisas,

354 3686 505 3747 Fraxinus
518 3686 550 3746 in
564 3684 646 3747 silvis
659 3684 749 3745 cedat
761 3683 825 3758 tibi,
840 3683 931 3761 pinus
942 3682 976 3741 in
988 3680 1090 3743 hortis

763 3802 929 3842 nmnosus.

354 3871 449 3932 Haec
462 3869 593 3943 memini,
605 3880 637 3931 et
649 3869 760 3929 victum
773 3870 882 3931 trustra
895 3868 1078 3930 contendere
1091 3866 1239 3949 Thyrsim.

353 3966 405 4024 Ex
418 3963 472 4026 illo
487 3963 629 4043 Corydon
643 3963 784 4043 Corydon
798 3972 845 4023 est
857 3972 993 4040 tempore
1006 3962 1102 4023 nobis.
1310 3987 1336 4027 ⁷0
