3550 4859
465 552 480 591 2
793 543 820 589 P.
841 543 942 587 ov1n11
964 544 1099 588 NASONIS

463 693 634 768 Postquam,
650 692 776 750 Saturno
790 690 949 749 tenebrosa
962 688 994 748 in
1009 691 1131 749 Tartara
1143 685 1246 762 misso,

461 785 523 845 Sub
536 785 613 860 Jove
627 784 756 843 mundus
771 792 840 856 erat,
857 780 947 841 subiit
962 792 1101 859 argentea
1114 782 1222 859 proles,

460 879 544 937 Auro
559 874 694 949 deterior,
708 876 790 942 helvo
803 874 959 952 pretiosior
973 893 1052 936 aere.

460 966 578 1046 Jupiter
591 966 705 1045 antiqui
719 966 865 1028 contraxit
879 977 1015 1044 tempora
1027 966 1112 1041 veris,

460 1062 579 1138 Perque
593 1059 706 1121 hiemes
720 1071 879 1137 aestusque
894 1071 924 1120 et
937 1060 1109 1138 inaequales
1122 1070 1282 1122 autumnos

462 1158 502 1218 Et
515 1158 606 1217 breve
620 1173 671 1214 ver
684 1151 786 1230 spatiis
801 1152 899 1231 exegit
913 1164 1040 1230 quatuor
1053 1173 1173 1216 annum

461 1252 541 1309 Tum
555 1248 683 1327 primum
698 1246 783 1307 siccis
798 1249 848 1305 aer
861 1247 1023 1307 fervoribus
1037 1258 1119 1307 ustus

463 1341 602 1415 Canduit,
618 1352 648 1401 et
661 1340 757 1401 ventis
771 1339 880 1417 glacies
895 1339 1035 1402 adstricta
1048 1340 1198 1419 pependit.

461 1438 541 1494 Tum
557 1434 684 1511 primum
699 1432 814 1493 subiere
829 1434 955 1493 domos:
976 1434 1083 1493 domus
1097 1445 1181 1494 antra
1194 1434 1274 1495 fuere

462 1531 502 1588 Et
516 1526 600 1587 densi
614 1526 731 1586 frutices
746 1536 776 1586 et
790 1526 908 1586 vinctae
922 1525 1032 1588 cortice
1046 1527 1152 1604 virgae.

463 1620 584 1681 Semina
599 1631 661 1679 tum
675 1620 802 1697 primum
817 1619 914 1697 longis
928 1620 1063 1681 Cerealia
1078 1620 1166 1680 sulcis

462 1714 578 1774 Obruta
591 1723 667 1786 sunt,
683 1712 835 1790 pressique
848 1714 920 1792 jugo
933 1732 1071 1792 gemuere
1083 1712 1212 1793 juvenci.

461 1806 563 1866 Tertia
576 1816 646 1882 post
659 1804 725 1865 illas
739 1806 880 1867 successit
895 1806 1009 1866 ahenea
1022 1808 1130 1883 proles,

463 1899 586 1959 Saevior
598 1897 724 1976 ingeniis
739 1909 769 1959 et
783 1900 821 1959 ad
836 1898 956 1959 horrida
969 1898 1113 1976 promtior
1126 1916 1216 1973 amre,

354 2060 357 2065 ,
462 1994 534 2051 Non
549 1992 691 2052 scelerata
704 2002 813 2053 tamen.
857 1994 906 2053 De
920 1993 995 2053 duro
1008 2003 1054 2053 est
1067 1992 1171 2052 ultima
1184 1993 1267 2054 ferro.

454 2079 600 2145 'Protinus
614 2084 716 2163 irrupit
729 2104 823 2146 venae
837 2085 949 2163 pej0ris
963 2085 994 2145 in
1008 2105 1115 2145 aevum

462 2179 561 2239 Omne
575 2179 677 2253 nefas5
698 2180 798 2256 fugere
811 2180 909 2256 pudor
922 2197 1084 2255 verumque
1098 2179 1251 2256 fidesque5

461 2274 500 2331 In
515 2290 641 2348 quorum
656 2270 772 2332 subiere
786 2273 886 2333 locum
900 2273 1077 2349 fraudesque
1091 2271 1213 2349 dolique

462 2364 655 2443 Insidiaeque
670 2376 700 2426 et
713 2365 758 2425 vis
772 2375 803 2425 et
817 2384 900 2425 amor
914 2366 1075 2425 sceleratus
1088 2363 1228 2424 habendi.

461 2459 539 2518 Vela
552 2458 665 2519 dabant
678 2457 783 2533 ventis,
799 2478 855 2519 nec
869 2459 969 2518 adhuc
981 2460 1060 2518 bene
1074 2468 1197 2517 noverat
1211 2457 1278 2517 illos

463 2551 591 2626 Navita3
612 2571 749 2629 quaeque
763 2551 814 2612 diu
829 2560 971 2613 steterant
985 2551 1015 2609 in
1030 2550 1182 2611 montibus
1196 2551 1271 2625 altis,

462 2644 617 2705 Fluctibus
632 2644 741 2722 ignotis
755 2644 931 2705 insultavere
946 2643 1072 2704 carinae.

463 2738 723 2814 Communemque
737 2737 827 2814 prius,
842 2757 898 2797 ceu
912 2737 1025 2797 lumina
1039 2735 1109 2797 solis
1124 2746 1154 2797 et
1168 2755 1264 2811 aurae,

463 2831 576 2891 Cautus
590 2831 713 2890 humum
729 2832 819 2907 longo
834 2828 959 2907 signavit
974 2828 1067 2889 limite
1081 2848 1208 2890 mensor.

463 2925 493 2982 N
495 2943 530 2984 ec
544 2933 659 2983 tantum
674 2934 789 3000 segetes
803 2922 1003 2999 alimentaque
1018 2921 1120 2983 debita
1133 2921 1217 2983 dives

463 3018 647 3076 Poscebatur
660 3016 786 3089 humus;
807 3016 860 3075 sed
875 3014 949 3075 itum
963 3014 1053 3075 estin
1067 3013 1180 3075 viscera
1194 3025 1296 3088 terrae,

464 3111 607 3186 Quasque
622 3108 828 3169 recondiderat
843 3107 1010 3185 Stygiisque
1024 3107 1197 3168 admoverat
1209 3106 1328 3183 umbris,

464 3201 654 3262 Effodiuntur
667 3221 749 3278 opes,
765 3200 946 3261 irritamenta
960 3200 1113 3261 malorum.

462 3296 592 3373 Jamque
606 3314 719 3355 nocens
733 3296 849 3368 ferrum,
865 3294 1003 3371 ferroque
1016 3293 1173 3354 nocentius
1188 3312 1290 3353 aumm

464 3388 637 3463 Prodierat;
657 3386 756 3465 prodit
768 3388 890 3460 bellum,
907 3387 989 3464 quod
1003 3397 1115 3464 pugnat
1128 3397 1264 3465 utroque,

463 3481 692 3558 sanguineaque
706 3499 795 3540 manu
810 3479 988 3557 crepitantia
1000 3479 1133 3540 concutit
1147 3497 1235 3539 arma

463 3574 581 3633 Vivitur
594 3594 631 3634 ex
644 3583 747 3651 rapto:
768 3592 830 3632 non
844 3572 954 3649 hospes
969 3574 1007 3632 ab
1022 3573 1142 3649 hospite
1156 3583 1244 3646 tutus,

412 3685 416 3702 ··
464 3669 536 3728 Non
551 3685 790 3744 soceragenero
800 3687 809 3741 ;
830 3665 951 3725 fratrum
965 3684 1085 3742 quoque
1099 3665 1193 3743 gratia
1205 3684 1270 3726 rara
1283 3675 1336 3727 cst.
1436 3662 1438 3668 ’

465 3760 608 3821 Imminet
622 3760 712 3820 exitio
725 3758 770 3819 vir
782 3757 927 3835 conjugis,
943 3757 994 3817 illa
1007 3757 1104 3819 mariti
1115 3781 1124 3834 3

465 3853 577 3915 Lurida
590 3852 733 3914 terribiles
746 3852 873 3912 miscent
887 3850 1006 3911 aconita
1018 3870 1184 3928 novercae;

467 3946 559 4008 Filius
573 3957 642 4007 ante
657 3945 735 4007 diem
750 3943 861 4023 patrios
875 3942 995 4021 inquirit
1008 3942 1040 4003 in
1055 3961 1157 4004 annos.
