3550 4859
477 551 535 624 r64
559 597 569 648 .·
790 566 817 611 r.
835 567 970 612 vtkotut
991 566 1135 612 morus

475 712 561 787 Quae
577 710 701 772 Phoebo
715 720 800 789 pater
814 711 1014 790 omnipotens,
1029 711 1102 770 mihi
1116 710 1257 772 Phoebus
1271 709 1384 788 Apollo

475 803 632 879 Praedixit,
648 804 733 865 vobis
748 803 901 864 Furiarum
915 823 973 884 ego
987 804 1116 864 maxima
1129 804 1239 880 pando.
1306 854 1309 859 .

475 898 594 959 Italiam
606 914 694 959 cursu
707 898 817 976 petitis,
832 898 991 975 ventisque
1004 897 1119 958 vocatis

475 991 562 1052 Ibitis
576 992 703 1065 Italiam,
719 1002 880 1068 portusque
894 990 1003 1051 intrare
1017 989 1138 1065 licebit3

474 1083 534 1145 Sed
548 1104 609 1144 non
624 1095 693 1144 ante
708 1085 808 1144 datam
822 1083 947 1162 cingetis
960 1083 1117 1146 moenibus
1131 1084 1244 1158 urbem,

474 1176 575 1253 Quam
588 1196 642 1237 vos
657 1177 720 1238 dira
734 1179 827 1237 sames
841 1189 1020 1254 nostraeque
1033 1176 1141 1255 injuria
1154 1175 1255 1239 caedis

475 1271 623 1330 Ambesas
637 1270 753 1348 subigat
766 1270 851 1330 malis
865 1272 1020 1332 absumere
1034 1289 1161 1331 mensas.

475 1363 567 1437 Dixit,
583 1374 613 1423 et
627 1363 658 1423 in
672 1363 776 1423 silvam
789 1363 897 1440 pennis
911 1364 1011 1424 ablata
1024 1362 1137 1440 refugit

474 1460 516 1518 At
530 1457 618 1517 sociis
633 1457 731 1518 subita
742 1457 860 1536 gelidus
873 1456 1032 1517 formidine
1046 1455 1164 1534 sanguis

474 1551 630 1629 Deriguit3
650 1552 783 1612 cecidere
798 1550 889 1611 animi
902 1573 911 1627 3
931 1570 988 1611 nec
998 1550 1061 1630 jam
1075 1548 1200 1627 amplius
1215 1547 1312 1624 armis,

474 1646 534 1707 Sed
548 1644 625 1706 votis
639 1645 836 1722 precibusque
848 1646 956 1721 jubent
970 1662 1131 1721 exposcere
1145 1662 1259 1720 pacem,

478 1738 547 1799 Sive
562 1739 644 1811 deae,
661 1757 713 1797 seu
727 1736 786 1797 sint
800 1738 881 1797 dirae
895 1738 1104 1814 obscenaeque
1118 1736 1259 1798 volucres

475 1833 514 1891 Et
527 1841 612 1909 pater
625 1830 774 1891 Anchises
788 1830 884 1908 passis
899 1831 937 1890 de
951 1829 1036 1890 litore
1050 1829 1156 1907 palmis

473 1925 605 1985 Numina
619 1942 727 2000 magna
738 1934 836 1997 vocat,
851 1923 1032 1999 meritosque
1046 1921 1150 1982 indicit
1164 1921 1311 1983 honores:

473 2017 523 2091 Di,
539 2017 695 2094 prohibete
710 2016 824 2090 minas3
844 2014 883 2089 di,
900 2016 990 2076 talem
1003 2014 1125 2076 avertite
1138 2034 1249 2090 casum,

474 2112 514 2171 Et
528 2109 638 2188 placidi
651 2120 765 2170 servate
779 2108 863 2186 piosl
906 2111 984 2170 Tum
998 2107 1083 2169 litore
1098 2110 1198 2169 funem

473 2204 626 2281 Deripere‚
643 2221 843 2279 excussosque
856 2202 943 2279 jubet
955 2201 1053 2262 laxare
1068 2203 1215 2262 rudentes

471 2297 616 2357 Tendunt
629 2297 695 2355 vela
710 2296 803 2369 Noti3
822 2294 948 2372 fugimus
963 2294 1168 2372 spumantibus
1178 2293 1278 2369 undis,

473 2390 543 2469 Qua
556 2409 675 2450 cursum
687 2400 852 2465 ventusque
865 2390 1106 2468 gubernatorque
1119 2389 1256 2449 vocabat.

471 2486 540 2561 Jam
554 2483 654 2544 medio
669 2493 793 2561 apparet
810 2483 902 2543 fluctu
915 2501 1072 2543 nemorosa
1085 2481 1253 2560 Zacynthos

472 2577 705 2654 Dulichiumque
721 2578 869 2653 Sameque
883 2586 914 2636 et
928 2575 1048 2636 Neritos
1062 2576 1155 2636 ardua
1168 2575 1255 2637 saxis.

473 2669 637 2747 Effugimus
650 2670 791 2747 scopulos
805 2670 937 2742 Ithacae,
954 2668 1072 2729 Laertia
1085 2688 1184 2747 regna,

472 2765 511 2823 Et
525 2773 632 2823 terram
646 2764 779 2823 altricem
792 2762 873 2823 saevi
887 2781 1073 2822 exsecramur
1087 2761 1178 2822 Ulixi.

472 2858 548 2915 Mox
562 2866 592 2916 et
607 2858 755 2917 Leucatae
769 2856 908 2916 nimbosa
920 2854 1075 2916 cacumina
1088 2854 1199 2914 montis

472 2950 511 3008 Et
525 2948 698 3009 formidatus
713 2950 812 3010 nautis
826 2949 955 3027 aperitur
968 2949 1088 3026 Apollo.

472 3044 566 3102 Hunc
579 3041 706 3119 petimus
720 3041 789 3102 fessi
803 3053 833 3103 et
847 3061 956 3120 parvae
970 3040 1156 3101 succedimus
1169 3039 1255 3117 urbi3

472 3137 593 3194 Ancora
606 3135 644 3194 de
658 3154 746 3212 prora
758 3134 872 3212 jacitur,
888 3146 967 3196 stant
982 3135 1066 3194 litore
1081 3153 1207 3213 puppes.

512 3229 591 3306 Ergo
606 3228 755 3305 insperata
768 3229 889 3289 tandem
904 3229 1006 3289 tellure
1020 3226 1108 3305 potiti

471 3322 701 3397 Lustramurque
715 3320 784 3398 Jovi
797 3320 935 3398 votisque
949 3321 1136 3382 incendimus
1149 3339 1226 3396 aras,

472 3412 619 3490 Actiaque
635 3414 734 3474 iliacis
747 3415 933 3475 celebramus
947 3414 1034 3475 litora
1047 3415 1133 3475 ludis.

473 3508 621 3571 Exercent
635 3506 743 3584 patrias
758 3509 827 3568 oleo
840 3509 960 3569 labente
974 3509 1135 3586 palaestras

376 3637 378 3641 >
472 3599 585 3659 Nudati
600 3600 694 3674 soeii;
711 3601 795 3679 juvat
809 3600 938 3661 evasisse
952 3611 997 3662 tot
1010 3602 1099 3662 urbes

472 3692 628 3770 Argolicas
642 3692 816 3769 mediosque
830 3694 930 3770 fugam
944 3695 1075 3755 tenuisse
1088 3715 1141 3772 per
1154 3694 1266 3758 hostes.

472 3788 591 3846 Interea
605 3805 745 3864 magnum
760 3786 806 3846 sol
819 3785 1058 3848 circumvolvitur
1070 3807 1195 3863 annum,

474 3880 513 3939 Et
525 3878 655 3956 glacialis
670 3878 764 3939 hiems
779 3879 968 3957 aquilonibus
982 3891 1100 3958 asperat
1112 3881 1215 3941 undas
1275 3929 1279 3938 .

471 3974 549 4039 Aere
563 3990 637 4033 cavo
651 3971 790 4051 clipeum,
805 3971 905 4051 magni
918 3984 1072 4051 gestamen
1080 3973 1223 4048 Abantis,
