3550 4859
721 585 931 636 ammonas.
954 549 1018 636 irs(
1035 591 1066 635 n
1337 593 1382 657 ῃ

405 739 521 812 Mutua,
538 737 610 798 dum
624 735 715 813 licuit,
731 739 899 812 reddebant
911 738 1001 812 dicte,
1015 739 1159 815 Valeque,
1215 789 1217 793 .

404 833 433 892 0
448 833 576 909 conjux!
598 831 699 892 dixere
713 831 810 907 simul,
826 831 914 892 sirnul
928 831 1030 892 abdita
1042 831 1116 891 texit
1345 863 1383 902 m

399 925 467 986 -Ora
480 925 583 985 frutex
627 924 769 986 Ostendit
781 926 881 986 adhuc
894 924 1045 1004 'I'yanmis
1058 925 1119 984 illic

403 1019 511 1078 Incola
525 1018 564 1078 de
576 1018 699 1096 &mino
712 1017 827 1079 vicinos
841 1036 967 1096 corpore
981 1030 1109 1078 truncos

407 1113 493 1170 Haec
507 1110 581 1170 mihi
594 1129 657 1171 uon
670 1110 740 1172 vani
748 1130 855 1171 -nec
870 1121 933 1170 erat
946 1128 999 1170 cur
1012 1110 1112 1170 fallere
1125 1111 1287 1175 veilent-

404 1204 568 1264 Narravere
583 1223 689 1279 senes3
708 1204 850 1282 equidem
864 1203 1027 1281 pendentia
1039 1202 1100 1263 vidi

397 1297 709 1375 Sertanrperramos,
724 1315 901 1375 ponensque
915 1295 1047 1356 recentia
1063 1295 1142 1358 dixi:
1344 1329 1381 1368 ns

396 1389 540 1514 ·Cura*pii
554 1389 610 1451 Dis
624 1400 701 1514 sunt,
717 1401 755 1465 et,
771 1389 823 1514 qui
836 1390 1137 1514 coluereacolunuu}

778 1847 926 1907 LIBER
954 1847 998 1907 X.

401 2045 486 2104 Iuni:
498 2064 554 2124 per
566 2043 745 2106 immensum
758 2063 868 2106 croceo
880 2047 995 2107 velatus
1010 2045 1122 2106 amictu

401 2139 483 2198 Aera
496 2138 658 2217 digreditur
671 2139 880 2216 Ciconumque
895 2141 1091 2218 Hymenaeus
1105 2138 1144 2199 ad
1158 2155 1225 2201 oras
1385 2203 1389 2211 ,

400 2231 521 2306 Tendit,
537 2243 567 2293 et
581 2233 704 2310 Orphea
716 2232 916 2309 nequicquam
930 2251 1005 2293 voce
1019 2243 1149 2293 vocatiu.
1190 2246 1192 2253 ’
1337 2226 1339 2231 ”

399 2324 494 2386 affuit
507 2325 557 2386 ille
572 2325 712 2402 quidem3
733 2327 785 2385 sed
799 2344 856 2385 nec
870 2325 1017 2386 sollennia
1029 2327 1122 2387 verba
1393 2385 1397 2391 .

400 2419 467 2478 Nec
481 2419 576 2479 laetos
589 2419 689 2479 vultus
702 2437 758 2479 nec
772 2419 843 2479 felix
856 2419 954 2480 aturlit
968 2438 1057 2480 omen
1069 2442 1079 2495 ;
1222 2433 1224 2439 '
1367 2447 1379 2488 s

401 2511 464 2570 Fax
478 2530 608 2589 quoque,
624 2530 715 2589 quam
729 2511 831 2586 tenuit,
847 2511 1005 2572 lacrimoso
1020 2512 1143 2572 stridula
1155 2512 1239 2571 firmo

401 2604 507 2681 Usque
522 2604 577 2664 suit
590 2605 746 2681 nullosque
760 2604 873 2664 invenit
886 2606 1017 2665 motibus
1031 2605 1123 2682 ignes.

398 2695 504 2756 Exitus
517 2697 649 2773 auspicio
663 2697 795 2774 gravior:
817 2714 888 2757 nam
901 2709 996 2774 nupta
1009 2716 1062 2775 per
1076 2698 1185 2757 herbas

401 2790 482 2848 Dum
496 2808 576 2850 nova
589 2789 740 2850 Naiadum
754 2791 840 2850 turba
853 2789 996 2850 comitata
1006 2800 1135 2867 vagatur,

400 2882 521 2943 Occidit
534 2882 565 2941 in
580 2884 671 2943 talum
687 2882 831 2960 serpentis
846 2884 937 2943 dente
951 2893 1079 2960 receptu.
1149 2953 1152 2959 .

401 2976 499 3051 Quam
514 2974 584 3036 satis
598 2977 636 3036 ad
650 2994 771 3053 superas
784 2984 944 3054 postquam
960 2975 1158 3055 Rhodopeius
1173 2994 1258 3037 auras

400 3068 530 3133 Deflevit
543 3079 633 3143 vates,
649 3088 687 3130 ne
701 3086 763 3129 non
777 3079 905 3129 tentaret
919 3076 951 3130 et'
963 3073 1091 3145 umbras,

401 3161 451 3220 Ad
466 3163 556 3239 Styga
569 3161 716 3222 Taenaria
730 3168 775 3222 est
788 3180 877 3223 ausus
892 3163 1074 3224 descendere
1089 3173 1183 3241 porta,

400 3255 516 3331 Perque
531 3255 611 3315 leves
623 3257 753 3332 populos
766 3254 981 3334 simulacraque
995 3254 1097 3317 iuncta
1114 3255 1257 3334 sepulcris

399 3348 613 3425 Persephonen
629 3347 702 3408 adiit
715 3347 933 3425 inamoenaque
947 3366 1038 3426 regna
1052 3359 1204 3409 tenentem
1354 3377 1377 3417 ις

400 3441 581 3500 Umbrarum
595 3440 759 3513 domiuum,
774 3440 927 3518 pulsisque
941 3443 980 3500 ad
994 3441 1125 3502 carmina
1138 3442 1237 3503 nervis
1323 3454 1326 3460 ’

399 3531 447 3593 Sic
462 3532 521 3593 ait:
542 3534 571 3594 Ο
585 3532 674 3610 positi
689 3534 836 3592 subterra
849 3533 974 3594 numina
986 3534 1099 3609 mundi,

400 3629 437 3685 In
452 3645 542 3703 quem
556 3625 722 3686 decidimus
736 3625 879 3704 quicquid
894 3629 1017 3687 mortale
1032 3646 1173 3703 creamur,

345 3751 349 3758 ·
399 3717 430 3779 Si
445 3719 515 3779 licet
530 3729 559 3779 et
572 3718 639 3779 falsi
653 3719 757 3796 positis
772 3719 948 3799 ambagibus
962 3720 1021 3781 oris

397 3804 498 3872 Verba
512 3811 595 3889 loqui
610 3810 712 3886 sinitis,
727 3831 790 3872 non
804 3813 872 3888 huc,
886 3825 921 3873 ut
935 3830 1031 3890 opaca
1043 3813 1174 3875 viderem

398 3904 530 3980 Tartara,
545 3904 696 3980 &mendi
712 3922 769 3966 nec
782 3905 826 3966 uti
839 3906 946 3966 villosa
958 3908 1087 3968 colubris

398 3999 498 4059 Tema
512 3998 671 4061 Medusaei
684 3998 827 4061 vinciam
839 4010 960 4079 gentum
972 4000 1098 4062 monstri
1110 4022 1118 4064 a
