3550 4859
682 561 842 606 munos
863 561 924 607 ΠΒ.
946 561 985 606 W.

712 880 862 944 LIBER
891 882 957 944 lv.

344 1085 395 1141 Ar
408 1078 510 1160 regina
521 1075 604 1160 gravi
615 1078 794 1156 jamdudum
808 1080 910 1143 saucia
923 1100 994 1144 cura

343 1177 463 1235 Vulnus
477 1172 529 1234 alit
541 1172 634 1246 venis,
650 1184 681 1233 et
695 1192 786 1233 caeco
799 1173 929 1251 carpitur
942 1173 1011 1252 igni

346 1269 446 1328 Multa
459 1266 513 1326 viri
526 1266 617 1326 virtus
632 1264 742 1339 animo,
758 1268 929 1343 multusque
944 1277 1075 1330 recursat

344 1360 453 1421 Gentis
466 1362 584 1434 honos3
603 1359 727 1420 haerent
740 1358 823 1419 infixi
836 1372 959 1437 pectore
973 1362 1071 1422 vultus
1142 1430 1144 1435 Ι

343 1455 514 1531 Verbaque,
530 1472 586 1513 uec
600 1451 749 1530 placidam
763 1453 905 1518 membris
919 1454 972 1515 dat
986 1473 1056 1514 cura
1070 1453 1209 1532 quietem.
1314 1485 1325 1521 s

346 1550 473 1608 Postera
487 1547 628 1606 Phoebea
642 1546 785 1605 lustrabat
799 1546 938 1623 lampade
953 1556 1044 1608 terras

348 1643 595 1716 Humentemque
608 1641 725 1699 Aurora
738 1639 810 1715 polo
825 1637 995 1699 dimoverat·
1003 1641 1147 1713 umbram,
1244 1632 1247 1637 ’

344 1735 448 1809 Quum
463 1733 506 1793 sic
519 1731 690 1791 unanimam
704 1730 863 1807 alloquitur
877 1733 955 1793 male
969 1752 1045 1793 sana
1057 1752 1207 1794 sororem:

343 1829 436 1886 Anna
450 1845 542 1900 soror,
557 1845 633 1903 quae
648 1844 696 1886 me
711 1843 886 1902 suspensam
901 1824 1050 1886 insomnia
1064 1831 1190 1887 terrent!

345 1918 423 1994 Quis
437 1938 532 1978 novus
546 1918 596 1977 hic
610 1917 716 1978 nostris
730 1917 873 1979 successit
887 1918 1010 1979 sedibus
1023 1918 1143 1996 hospes,

344 2013 446 2087 Quem
460 2031 527 2073 sese
541 2029 592 2072 ore
606 2012 710 2086 ferens,
726 2030 816 2088 quarn
831 2011 899 2072 forti
913 2022 1034 2088 pectore
1049 2023 1079 2073 et
1092 2012 1199 2073 armisl

345 2106 447 2165 Credo
461 2104 610 2186 equidem,
626 2124 682 2189 nec
697 2124 772 2165 vana
785 2105 868 2179 fides,
883 2123 979 2182 genus
994 2124 1059 2165 esse
1073 2106 1205 2168 deorum.

346 2200 519 2275 Degeneres
534 2197 649 2258 animos
663 2197 751 2258 timor
765 2197 867 2275 arguit
912 2200 993 2272 Heu,
1009 2198 1118 2275 quibus
1130 2198 1182 2260 ille

345 2295 481 2368 Jactatus
495 2290 582 2352 fatis'l
600 2310 676 2368 quae
691 2292 771 2352 bella
785 2292 929 2352 exhausta
941 2292 1088 2352 canebat!

346 2384 378 2445 Si
395 2384 467 2444 mihi
482 2403 543 2443 non
558 2382 658 2444 animo
672 2384 763 2444 fixum
777 2384 994 2461 immotumque
1008 2384 1134 2458 sederet,
1302 2415 1327 2453 ι,

345 2480 395 2537 Ne
409 2477 458 2539 cni
472 2497 520 2538 me
534 2476 633 2537 vinclo
647 2478 754 2538 vellem
769 2476 882 2538 sociare
894 2478 996 2555 jugali,

344 2573 510 2648 Postquam
523 2570 635 2648 primus
650 2589 733 2630 amor
746 2571 905 2648 deceptam
919 2582 1013 2632 morte
1028 2570 1155 2646 fefellit,

344 2663 378 2723 Si
394 2683 455 2723 non
470 2674 636 2740 pertaesum
650 2662 774 2732 thalami
787 2664 953 2741 taedaeque
967 2664 1078 2739 fuisset,

343 2756 430 2817 Huic
444 2756 496 2817 uni
508 2756 608 2817 forsan
621 2754 706 2833 potui
719 2758 912 2818 succumbere
927 2758 1039 2835 culpae.

344 2852 446 2925 Anna,
462 2851 576 2909 fatebor
589 2850 678 2924 enim,
694 2848 793 2911 miseri
806 2861 876 2928 post
891 2852 952 2912 sata
964 2850 1089 2930 Sychaei

344 2942 492 3020 Coniugis
506 2953 537 3003 et
551 2941 669 3019 sparsos
683 2943 811 3004 fraterna
823 2945 917 3005 caede
932 2946 1067 3018 Penates,

343 3037 434 3096 Solus
448 3036 497 3095 hic
511 3034 623 3096 inflexit
636 3055 749 3110 sensus,
765 3035 957 3113 animumque
970 3038 1122 3097 labantem

342 3128 478 3207 Impulit
520 3130 663 3205 Agnosco
675 3128 783 3190 veteris
796 3128 921 3207 vestigia
933 3130 1077 3191 flammae.

340 3223 403 3282 Sed
418 3221 491 3281 mihi
504 3222 551 3282 vel
566 3222 652 3281 tellus
666 3233 768 3298 optem
782 3222 863 3299 prius
877 3222 938 3282 ima
951 3223 1093 3297 dehiscat,

342 3316 404 3374 Vel
419 3316 507 3374 Pater
521 3314 712 3391 omnipotens
727 3315 828 3392 adigat
840 3334 889 3375 me
903 3314 1027 3376 fulmine
1041 3317 1081 3376 ad
1094 3317 1223 3391 umbras,
1297 3346 1324 3386 ις

342 3408 495 3467 Pallentes
510 3407 629 3467 umbras
644 3407 735 3468 Erebi
749 3417 929 3485 noctemque
943 3409 1131 3487 profundam,

342 3502 434 3574 Ante,
451 3500 560 3574 Pudor,
576 3519 666 3577 quam
681 3511 711 3562 te
725 3499 814 3582 violo,
829 3512 881 3562 aut
895 3512 947 3562 tua
957 3503 1026 3579 jura
1038 3503 1163 3564 resolvo.

342 3593 402 3652 Ille
417 3612 509 3667 meos,
525 3592 636 3670 primus
651 3592 702 3670 qui
716 3612 765 3654 me
779 3592 836 3655 sibi
848 3592 955 3671 junxit,
967 3600 1087 3656 amores

340 3684 477 3745 Abstulit
488 3706 497 3760 ς
516 3684 568 3746 ille
581 3686 691 3748 habeat
705 3705 806 3748 secum
820 3697 976 3764 servetque
989 3686 1155 3766 sepulchro

343 3777 395 3837 Sic
410 3779 499 3839 effata
512 3777 609 3840 sinum
623 3778 752 3840 lacrimis
765 3779 900 3857 implevit
914 3780 1034 3841 obortis
1299 3815 1325 3853 ,ο

382 3874 474 3931 Anna
486 3872 591 3932 refert:
613 3873 723 3934 Oluce
738 3871 1069 3950 magisdilectasorori,
1266 3884 1270 3896 '

341 3965 452 4026 Solane
466 3977 612 4043 perpetua
624 3984 760 4027 maerens
773 3984 895 4045 carpere
906 3967 1038 4044 juventa,

545 4071 569 4100 ιι
