3550 4859
730 562 903 608 mutuos
923 564 984 609 ua
1003 565 1035 609 11.

402 709 493 770 Haud
510 707 612 786 igno'ta
625 707 779 784 loquor—-
790 708 903 786 superis
917 709 1065 770 concessit
1078 711 1117 772 ab
1132 709 1201 787 oris,

401 804 537 863 Afflictus
552 801 645 861 vitam
658 800 690 860 in
704 802 834 862 tenebris
848 803 989 878 luctuque
1004 804 1166 879 trahebam,

401 898 440 956 Et
454 915 557 956 casum
572 894 698 954 insontis
713 912 831 954 mecum
845 895 1022 972 indignabar
1035 897 1129 957 amici

401 991 467 1050 Nec
482 987 562 1049 tacui
577 989 710 1061 demens,
726 998 756 1047 et
769 1007 827 1061 me,
842 989 902 1047 fors
917 988 941 1047 si
955 1008 1015 1065 qua
1029 989 1152 1064 tulisset,

401 1083 432 1144 Si
446 1082 559 1159 patrios
573 1100 717 1157 umquam
730 1099 908 1140 remeassem
922 1081 1016 1141 victor
1030 1083 1069 1141 ad
1083 1085 1190 1159 Argos,
1356 1112 1382 1152 ,ς

402 1175 529 1235 Promisi
543 1176 679 1248 ultorem,
694 1185 724 1234 et
737 1173 834 1233 verbis
849 1173 921 1232 odia
933 1193 1038 1250 aspera
1051 1175 1139 1235 movi.

401 1269 485 1328 Hinc
499 1267 572 1327 mihi
586 1267 681 1344 prima
695 1267 765 1327 mali
784 1267 875 1340 labes,
892 1265 962 1326 hinc
977 1287 1093 1344 semper
1107 1269 1213 1331 Ulixes

403 1361 584 1422 Criminibus
599 1372 705 1420 terrere
720 1360 816 1434 noviS,
832 1360 903 1419 hinc
918 1379 1055 1437 spargere
1068 1381 1159 1422 voces

401 1457 440 1515 Iu
454 1456 576 1532 vulgum
590 1454 751 1531 ambiguas,
768 1464 799 1514 et
813 1472 955 1530 quaerere
968 1455 1105 1515 conscius
1120 1475 1208 1516 arma
1285 1485 1287 1488 ⁴
1361 1450 1363 1455 ’

401 1549 469 1608 Nec
484 1547 628 1625 requievit
642 1547 731 1621 enim,
747 1548 844 1607 donec
860 1546 1025 1608 Calchante
1040 1549 1224 1609 ministro—
1330 1565 1382 1610 ἰω

403 1642 464 1703 Sed
479 1640 623 1718 quid'ego
639 1642 714 1701 haec
728 1652 829 1701 autem
842 1640 1046 1717 nequidquam
1060 1640 1175 1717 ingrata
1187 1643 1328 1705 revolvo?

401 1733 521 1809 Quidve
536 1753 643 1806 moror,
660 1734 685 1794 si
700 1754 804 1795 omnes
818 1736 879 1793 u'no
894 1733 999 1793 ordine
1013 1734 1130 1794 habetis
1145 1736 1286 1811 Achivos,

401 1827 499 1904 quue
514 1826 615 1887 audire
631 1837 675 1886 sat
690 1830 755 1887 est?
794 1827 977 1903 Jamdudum
992 1826 1098 1887 sumite
1112 1847 1246 1904 poenas;

402 1921 475 1979 Hoc
490 1920 612 1980 Ithacus
625 1919 704 1994 velit,
721 1931 750 1980 et
764 1938 873 1996 magno
887 1931 1055 1980 mercentur
1068 1920 1199 1999 Atridae.

440 2014 520 2072 Tum
534 2032 604 2073 vero
619 2014 756 2073 ardemus
771 2012 870 2072 scitari
885 2023 915 2072 et
929 2032 1069 2090 quaerere
1083 2033 1211 2089 caussas,

402 2105 502 2183 Ignari
516 2107 661 2166 scelerum
675 2115 825 2166 tantorum
840 2106 969 2182 artisque
984 2108 1135 2184 Pelasgae.

404 2199 597 2276 Prosequitur
610 2201 755 2276 pavitans,
772 2210 802 2259 et
815 2201 886 2259 ficto
901 2211 1021 2277 pectore
1035 2201 1128 2260 fatur:

444 2294 539 2369 Saepe
554 2293 654 2369 lugam
667 2293 767 2351 Danai
781 2286 873 2369 Troja¹
887 2292 1006 2369 cupiere
1020 2292 1122 2354 relicta

401 2384 506 2444 Moliri
521 2395 552 2446 et
564 2387 656 2465 longo
670 2385 739 2446 fessi
754 2385 908 2446 discedere
922 2388 1023 2461 bello;

403 2477 615 2554 Fecissentque
630 2478 761 2539 utinam!
784 2499 873 2556 saepe
887 2479 956 2539 illos
970 2499 1075 2556 aspera
1087 2480 1173 2557 ponti

402 2571 574 2631 Interclusit
595 2570 700 2645 hiems,
721 2581 751 2630 et
772 2571 873 2632 terruit
888 2575 997 2632 Auster
1011 2584 1122 2633 euntes

403 2665 575 2741 Praecipue,
592 2683 683 2741 quum
695 2665 757 2744 jam
772 2664 821 2724 hic
835 2665 967 2724 trabibus
982 2676 1140 2726 contextus
1155 2664 1270 2726 acernis

404 2758 501 2817 Staret
515 2776 619 2834 equus,
635 2768 700 2818 toto
715 2767 878 2817 sonuerunt
892 2758 1011 2816 aethere
1025 2757 1126 2817 nimbi.

403 2849 547 2926 Suspensi
562 2852 743 2928 Eurypylum
758 2849 916 2910 scitantem
931 2851 1051 2910 oracula
1064 2849 1180 2911 Phoebi

402 2943 560 3018 Mittimus,
574 2942 660 3020 isque
675 2942 772 3019 adytis
786 2942 860 3002 haec
875 2942 970 3002 tristia
984 2943 1064 3004 dicta
1077 2953 1227 3021 reportat:
1320 2964 1323 2969 ·

403 3034 552 3112 Sanguine
567 3036 707 3114 placastis
720 3047 826 3096 ventos
840 3047 871 3096 et
884 3036 996 3113 virgine
1010 3056 1105 3111 caesa,

401 3129 503 3204 Quum
517 3130 644 3206 primum
659 3130 775 3203 Iliacas,
792 3129 900 3204 Danai,
915 3129 1037 3190 venistis
1050 3132 1089 3190 ad
1098 3147 1192 3206 'oras3

402 3221 551 3298 Sanguine
566 3222 728 3299 quaerendi
741 3223 861 3304 reditus,
877 3223 1036 3298 animaque
1050 3223 1195 3282 litandum

400 3314 547 3392 Argolica
591 3316 681 3393 V'ulgi
696 3335 772 3393 quae
786 3335 846 3375 vox
859 3327 892 3376 ut
905 3316 987 3374 venit
1001 3315 1040 3374 ad
1054 3334 1147 3389 aures,

400 3407 592 3485 Obstupuere
606 3408 706 3483 animi,
720 3409 896 3485 gelidusque
911 3427 964 3485 per
980 3409 1040 3467 ima
1054 3408 1182 3468 cucurrit

400 3501 479 3561 Ossa
493 3511 611 3576 tremor,
626 3503 675 3562 cui
689 3504 749 3562 fata
763 3494 981 3580 parent'quem
995 3512 1100 3578 poscat
1113 3503 1231 3578 Apollo.
1302 3529 1305 3534 ·

403 3593 465 3654 Hic
481 3595 602 3655 Ithacus
616 3607 715 3656 vatem
729 3614 838 3672 magno
853 3596 1020 3655 Calchanta
1033 3597 1160 3655 tumultu

402 3688 550 3748 Protrahit
564 3689 596 3747 in
610 3689 745 3764 medios;
766 3708 843 3765 quae
858 3688 967 3748 sintea
980 3688 1102 3748 numina
1116 3688 1225 3764 divum,

399 3780 535 3858 Flagitat.
579 3781 705 3842 Etrmihi
716 3783 778 3858 jam
792 3782 877 3842 multi
892 3783 1011 3843 crudele
1025 3783 1173 3844 cauebant

398 3872 529 3934 Artificis
543 3876 650 3949 scelus,
666 3884 697 3936 et
710 3874 793 3935 taciti
806 3885 930 3936 ventura
943 3876 1093 3935 videbant.

399 3964 449 4027 Bis
465 3966 573 4046 quinos
587 3967 654 4030 silet
667 3967 718 4031 ille
731 3967 804 4043 dies,
820 3978 976 4045 tectusque
989 3979 1105 4030 recusat
