<?xml version="1.0" encoding="UTF-8"?>
<!DOCTYPE html PUBLIC "-//W3C//DTD XHTML 1.0 Transitional//EN"
    "http://www.w3.org/TR/xhtml1/DTD/xhtml1-transitional.dtd">
<html xmlns="http://www.w3.org/1999/xhtml" xml:lang="en" lang="en">
 <head>
  <title>
</title>
<meta http-equiv="Content-Type" content="text/html;charset=utf-8" />
  <meta name='ocr-system' content='tesseract 3.04.00' />
  <meta name='ocr-capabilities' content='ocr_page ocr_carea ocr_par ocr_line ocrx_word'/>
</head>
<body>
  <div class='ocr_page' id='page_1' title='image "./selectionsfromo00rolfgoog_0223.png"; bbox 0 0 3550 4859; ppageno 0'>
   <div class='ocr_carea' id='block_1_1' title="bbox 748 558 1035 609">
    <p class='ocr_par' dir='ltr' id='par_1_1' title="bbox 748 558 1035 609">
     <span class='ocr_line' id='line_1_1' title="bbox 748 558 1035 609; baseline -0.017 -1"><span class='ocrx_word' id='word_1_1' title='bbox 748 558 1035 609; x_wconf 61' lang='lat' dir='ltr'>mamertus.</span> 
     </span>
    </p>
   </div>
   <div class='ocr_carea' id='block_1_2' title="bbox 309 701 1444 4049">
    <p class='ocr_par' dir='ltr' id='par_1_2' title="bbox 402 701 1195 968">
     <span class='ocr_line' id='line_1_2' title="bbox 403 701 1128 783; baseline 0.007 -19"><span class='ocrx_word' id='word_1_2' title='bbox 403 704 514 765; x_wconf 89' lang='lat' dir='ltr'>Ensem</span> <span class='ocrx_word' id='word_1_3' title='bbox 529 713 617 781; x_wconf 89' lang='lat' dir='ltr'>atque</span> <span class='ocrx_word' id='word_1_4' title='bbox 631 701 779 783; x_wconf 79' lang='lat' dir='ltr'>insignem</span> <span class='ocrx_word' id='word_1_5' title='bbox 790 705 908 781; x_wconf 77' lang='lat' dir='ltr'>galeam</span> <span class='ocrx_word' id='word_1_6' title='bbox 920 702 1028 770; x_wconf 77' lang='lat' dir='ltr'>solatia</span> <span class='ocrx_word' id='word_1_7' title='bbox 1040 702 1128 769; x_wconf 83' lang='lat' dir='ltr'>victo.</span> 
     </span>
     <span class='ocr_line' id='line_1_3' title="bbox 402 796 1160 873; baseline 0.001 -15"><span class='ocrx_word' id='word_1_8' title='bbox 402 798 469 858; x_wconf 91' lang='lat' dir='ltr'>Nec</span> <span class='ocrx_word' id='word_1_9' title='bbox 483 817 585 873; x_wconf 79' lang='lat' dir='ltr'>mora3</span> <span class='ocrx_word' id='word_1_10' title='bbox 605 798 750 859; x_wconf 89' lang='lat' dir='ltr'>continuo</span> <span class='ocrx_word' id='word_1_11' title='bbox 764 798 855 860; x_wconf 85' lang='lat' dir='ltr'>vastis</span> <span class='ocrx_word' id='word_1_12' title='bbox 866 818 936 861; x_wconf 85' lang='lat' dir='ltr'>cum</span> <span class='ocrx_word' id='word_1_13' title='bbox 951 797 1063 864; x_wconf 81' lang='lat' dir='ltr'>viribus</span> <span class='ocrx_word' id='word_1_14' title='bbox 1077 796 1160 869; x_wconf 75' lang='lat' dir='ltr'>effert</span> 
     </span>
     <span class='ocr_line' id='line_1_4' title="bbox 402 891 1195 968; baseline -0.001 -15"><span class='ocrx_word' id='word_1_15' title='bbox 402 891 465 953; x_wconf 90' lang='lat' dir='ltr'>Ora</span> <span class='ocrx_word' id='word_1_16' title='bbox 478 893 582 964; x_wconf 87' lang='lat' dir='ltr'>Dares,</span> <span class='ocrx_word' id='word_1_17' title='bbox 598 910 767 968; x_wconf 77' lang='lat' dir='ltr'>magnoque</span> <span class='ocrx_word' id='word_1_18' title='bbox 781 892 875 953; x_wconf 81' lang='lat' dir='ltr'>virmn</span> <span class='ocrx_word' id='word_1_19' title='bbox 889 910 922 953; x_wconf 84' lang='lat' dir='ltr'>se</span> <span class='ocrx_word' id='word_1_20' title='bbox 937 911 1083 956; x_wconf 84' lang='lat' dir='ltr'>murmure</span> <span class='ocrx_word' id='word_1_21' title='bbox 1097 891 1176 953; x_wconf 91' lang='lat' dir='ltr'>tollit</span> <span class='ocrx_word' id='word_1_22' title='bbox 1184 911 1195 968; x_wconf 78' lang='lat'>3</span> 
     </span>
    </p>

    <p class='ocr_par' dir='ltr' id='par_1_3' title="bbox 309 978 1444 4049">
     <span class='ocr_line' id='line_1_5' title="bbox 309 978 1384 1061; baseline 0 -15"><span class='ocrx_word' id='word_1_23' title='bbox 309 978 312 989; x_wconf 82' lang='lat'>&#39;</span> <span class='ocrx_word' id='word_1_24' title='bbox 403 985 491 1046; x_wconf 89' lang='lat' dir='ltr'>Solus</span> <span class='ocrx_word' id='word_1_25' title='bbox 506 984 556 1061; x_wconf 91' lang='lat' dir='ltr'>qui</span> <span class='ocrx_word' id='word_1_26' title='bbox 571 984 708 1046; x_wconf 78' lang='lat' dir='ltr'>Paridem</span> <span class='ocrx_word' id='word_1_27' title='bbox 723 984 827 1048; x_wconf 88' lang='lat' dir='ltr'>solitus</span> <span class='ocrx_word' id='word_1_28' title='bbox 841 985 1024 1048; x_wconf 82' lang='lat' dir='ltr'>contendere</span> <span class='ocrx_word' id='word_1_29' title='bbox 1035 995 1149 1059; x_wconf 83' lang='lat' dir='ltr'>contra,</span> <span class='ocrx_word' id='word_1_30' title='bbox 1344 1014 1384 1058; x_wconf 58' lang='lat' dir='ltr'>„a</span> 
     </span>
     <span class='ocr_line' id='line_1_6' title="bbox 402 1077 1289 1155; baseline 0.006 -17"><span class='ocrx_word' id='word_1_31' title='bbox 402 1079 548 1155; x_wconf 89' lang='lat' dir='ltr'>Idemque</span> <span class='ocrx_word' id='word_1_32' title='bbox 563 1078 601 1137; x_wconf 89' lang='lat' dir='ltr'>ad</span> <span class='ocrx_word' id='word_1_33' title='bbox 616 1078 770 1152; x_wconf 85' lang='lat' dir='ltr'>tumulum,</span> <span class='ocrx_word' id='word_1_34' title='bbox 785 1098 846 1155; x_wconf 91' lang='lat' dir='ltr'>quo</span> <span class='ocrx_word' id='word_1_35' title='bbox 860 1077 1006 1140; x_wconf 78' lang='lat' dir='ltr'>maximus</span> <span class='ocrx_word' id='word_1_36' title='bbox 1019 1079 1149 1142; x_wconf 82' lang='lat' dir='ltr'>occubat</span> <span class='ocrx_word' id='word_1_37' title='bbox 1161 1078 1289 1155; x_wconf 79' lang='lat' dir='ltr'>Hector,</span> 
     </span>
     <span class='ocr_line' id='line_1_7' title="bbox 402 1170 1065 1249; baseline 0.011 -20"><span class='ocrx_word' id='word_1_38' title='bbox 402 1170 557 1230; x_wconf 87' lang='lat' dir='ltr'>Victorem</span> <span class='ocrx_word' id='word_1_39' title='bbox 572 1172 677 1243; x_wconf 86' lang='lat' dir='ltr'>Buten,</span> <span class='ocrx_word' id='word_1_40' title='bbox 691 1170 815 1230; x_wconf 73' lang='lat' dir='ltr'>hnmani</span> <span class='ocrx_word' id='word_1_41' title='bbox 828 1188 953 1247; x_wconf 77' lang='lat' dir='ltr'>corpore</span> <span class='ocrx_word' id='word_1_42' title='bbox 967 1170 1018 1249; x_wconf 89' lang='lat' dir='ltr'>qui</span> <span class='ocrx_word' id='word_1_43' title='bbox 1032 1191 1065 1236; x_wconf 81' lang='lat' dir='ltr'>se</span> 
     </span>
     <span class='ocr_line' id='line_1_8' title="bbox 402 1262 1097 1343; baseline 0.001 -20"><span class='ocrx_word' id='word_1_44' title='bbox 402 1262 548 1341; x_wconf 86' lang='lat' dir='ltr'>Bebrycia</span> <span class='ocrx_word' id='word_1_45' title='bbox 561 1262 684 1323; x_wconf 89' lang='lat' dir='ltr'>veniens</span> <span class='ocrx_word' id='word_1_46' title='bbox 699 1265 806 1341; x_wconf 80' lang='lat' dir='ltr'>Amyci</span> <span class='ocrx_word' id='word_1_47' title='bbox 819 1265 859 1325; x_wconf 91' lang='lat' dir='ltr'>de</span> <span class='ocrx_word' id='word_1_48' title='bbox 871 1276 962 1343; x_wconf 88' lang='lat' dir='ltr'>gente</span> <span class='ocrx_word' id='word_1_49' title='bbox 975 1264 1097 1339; x_wconf 83' lang='lat' dir='ltr'>serebat,</span> 
     </span>
     <span class='ocr_line' id='line_1_9' title="bbox 404 1356 1444 1447; baseline 0.007 -31"><span class='ocrx_word' id='word_1_50' title='bbox 404 1357 533 1418; x_wconf 86' lang='lat' dir='ltr'>Perculit</span> <span class='ocrx_word' id='word_1_51' title='bbox 546 1368 577 1417; x_wconf 90' lang='lat' dir='ltr'>et</span> <span class='ocrx_word' id='word_1_52' title='bbox 590 1356 671 1416; x_wconf 80' lang='lat' dir='ltr'>sidua</span> <span class='ocrx_word' id='word_1_53' title='bbox 683 1356 893 1418; x_wconf 81' lang='lat' dir='ltr'>moribundum</span> <span class='ocrx_word' id='word_1_54' title='bbox 907 1358 1040 1420; x_wconf 83' lang='lat' dir='ltr'>extendit</span> <span class='ocrx_word' id='word_1_55' title='bbox 1053 1376 1151 1420; x_wconf 78' lang='lat' dir='ltr'>arena</span> <span class='ocrx_word' id='word_1_56' title='bbox 1328 1414 1330 1418; x_wconf 68' lang='grc'>,</span> <span class='ocrx_word' id='word_1_57' title='bbox 1439 1437 1444 1447; x_wconf 34' lang='lat'><strong>·</strong></span> 
     </span>
     <span class='ocr_line' id='line_1_10' title="bbox 403 1449 1383 1539; baseline 0.003 -29"><span class='ocrx_word' id='word_1_58' title='bbox 403 1450 486 1510; x_wconf 92' lang='lat' dir='ltr'>Talis</span> <span class='ocrx_word' id='word_1_59' title='bbox 501 1449 596 1527; x_wconf 89' lang='lat' dir='ltr'>prima</span> <span class='ocrx_word' id='word_1_60' title='bbox 610 1451 708 1518; x_wconf 83' lang='lat' dir='ltr'>Dares</span> <span class='ocrx_word' id='word_1_61' title='bbox 722 1460 813 1527; x_wconf 84' lang='lat' dir='ltr'>caput</span> <span class='ocrx_word' id='word_1_62' title='bbox 826 1451 919 1511; x_wconf 74' lang='lat' dir='ltr'>elurm</span> <span class='ocrx_word' id='word_1_63' title='bbox 933 1450 964 1512; x_wconf 89' lang='lat' dir='ltr'>iu</span> <span class='ocrx_word' id='word_1_64' title='bbox 979 1451 1092 1527; x_wconf 85' lang='lat' dir='ltr'>proelia</span> <span class='ocrx_word' id='word_1_65' title='bbox 1105 1452 1193 1526; x_wconf 87' lang='lat' dir='ltr'>tollit,</span> <span class='ocrx_word' id='word_1_66' title='bbox 1224 1513 1228 1539; x_wconf 39' lang='lat'><strong><em>⁴</em></strong></span> <span class='ocrx_word' id='word_1_67' title='bbox 1345 1478 1383 1524; x_wconf 74' lang='lat' dir='ltr'>m</span> 
     </span>
     <span class='ocr_line' id='line_1_11' title="bbox 404 1543 1149 1624; baseline 0.008 -20"><span class='ocrx_word' id='word_1_68' title='bbox 404 1543 604 1620; x_wconf 90' lang='lat' dir='ltr'>Ostenditque</span> <span class='ocrx_word' id='word_1_69' title='bbox 619 1544 758 1604; x_wconf 88' lang='lat' dir='ltr'>humeros</span> <span class='ocrx_word' id='word_1_70' title='bbox 772 1545 858 1617; x_wconf 78' lang='lat' dir='ltr'>latos,</span> <span class='ocrx_word' id='word_1_71' title='bbox 873 1544 1045 1624; x_wconf 82' lang='lat' dir='ltr'>alternaque</span> <span class='ocrx_word' id='word_1_72' title='bbox 1056 1545 1149 1624; x_wconf 79' lang='lat' dir='ltr'>jactat</span> 
     </span>
     <span class='ocr_line' id='line_1_12' title="bbox 402 1635 1157 1713; baseline 0.005 -17"><span class='ocrx_word' id='word_1_73' title='bbox 402 1635 529 1697; x_wconf 85' lang='lat' dir='ltr'>Brachia</span> <span class='ocrx_word' id='word_1_74' title='bbox 542 1636 734 1713; x_wconf 83' lang='lat' dir='ltr'>protendens,</span> <span class='ocrx_word' id='word_1_75' title='bbox 749 1647 780 1697; x_wconf 91' lang='lat' dir='ltr'>et</span> <span class='ocrx_word' id='word_1_76' title='bbox 790 1638 928 1698; x_wconf 83' lang='lat' dir='ltr'>verberat</span> <span class='ocrx_word' id='word_1_77' title='bbox 942 1636 1050 1699; x_wconf 84' lang='lat' dir='ltr'>ictibus</span> <span class='ocrx_word' id='word_1_78' title='bbox 1065 1656 1157 1700; x_wconf 80' lang='lat' dir='ltr'>auras.</span> 
     </span>
     <span class='ocr_line' id='line_1_13' title="bbox 403 1728 1285 1810; baseline 0.006 -21"><span class='ocrx_word' id='word_1_79' title='bbox 403 1730 563 1804; x_wconf 87' lang='lat' dir='ltr'>Quaeritur</span> <span class='ocrx_word' id='word_1_80' title='bbox 576 1728 645 1789; x_wconf 92' lang='lat' dir='ltr'>huic</span> <span class='ocrx_word' id='word_1_81' title='bbox 659 1730 734 1791; x_wconf 90' lang='lat' dir='ltr'>alius</span> <span class='ocrx_word' id='word_1_82' title='bbox 745 1752 755 1804; x_wconf 83' lang='lat'>3</span> <span class='ocrx_word' id='word_1_83' title='bbox 775 1749 833 1790; x_wconf 90' lang='lat' dir='ltr'>nec</span> <span class='ocrx_word' id='word_1_84' title='bbox 845 1729 1002 1806; x_wconf 86' lang='lat' dir='ltr'>quisquam</span> <span class='ocrx_word' id='word_1_85' title='bbox 1017 1749 1055 1792; x_wconf 82' lang='lat' dir='ltr'>ex</span> <span class='ocrx_word' id='word_1_86' title='bbox 1068 1730 1185 1810; x_wconf 75' lang='lat' dir='ltr'>agmine</span> <span class='ocrx_word' id='word_1_87' title='bbox 1199 1741 1285 1796; x_wconf 77' lang='lat' dir='ltr'>tauto</span> 
     </span>
     <span class='ocr_line' id='line_1_14' title="bbox 403 1821 1215 1900; baseline 0.004 -17"><span class='ocrx_word' id='word_1_88' title='bbox 403 1824 505 1883; x_wconf 89' lang='lat' dir='ltr'>Audet</span> <span class='ocrx_word' id='word_1_89' title='bbox 519 1822 600 1883; x_wconf 89' lang='lat' dir='ltr'>adire</span> <span class='ocrx_word' id='word_1_90' title='bbox 614 1821 708 1883; x_wconf 83' lang='lat' dir='ltr'>virum</span> <span class='ocrx_word' id='word_1_91' title='bbox 722 1823 921 1900; x_wconf 84' lang='lat' dir='ltr'>manibusque</span> <span class='ocrx_word' id='word_1_92' title='bbox 934 1823 1075 1886; x_wconf 86' lang='lat' dir='ltr'>inducere</span> <span class='ocrx_word' id='word_1_93' title='bbox 1089 1835 1215 1887; x_wconf 83' lang='lat' dir='ltr'>caestus.</span> 
     </span>
     <span class='ocr_line' id='line_1_15' title="bbox 401 1915 1383 1995; baseline 0.006 -20"><span class='ocrx_word' id='word_1_94' title='bbox 401 1919 482 1995; x_wconf 84' lang='lat' dir='ltr'>Ergo</span> <span class='ocrx_word' id='word_1_95' title='bbox 496 1915 609 1990; x_wconf 88' lang='lat' dir='ltr'>alacris,</span> <span class='ocrx_word' id='word_1_96' title='bbox 624 1927 809 1993; x_wconf 80' lang='lat' dir='ltr'>cunctosque</span> <span class='ocrx_word' id='word_1_97' title='bbox 823 1927 931 1993; x_wconf 87' lang='lat' dir='ltr'>putans</span> <span class='ocrx_word' id='word_1_98' title='bbox 946 1917 1090 1979; x_wconf 81' lang='lat' dir='ltr'>excedere</span> <span class='ocrx_word' id='word_1_99' title='bbox 1103 1918 1211 1995; x_wconf 86' lang='lat' dir='ltr'>palma,</span> <span class='ocrx_word' id='word_1_100' title='bbox 1343 1935 1383 1992; x_wconf 68' lang='lat' dir='ltr'>‚aa</span> 
     </span>
     <span class='ocr_line' id='line_1_16' title="bbox 401 2008 1136 2087; baseline 0.004 -15"><span class='ocrx_word' id='word_1_101' title='bbox 401 2012 526 2072; x_wconf 85' lang='lat' dir='ltr'>Aeneae</span> <span class='ocrx_word' id='word_1_102' title='bbox 542 2008 622 2069; x_wconf 90' lang='lat' dir='ltr'>stetit</span> <span class='ocrx_word' id='word_1_103' title='bbox 635 2020 704 2069; x_wconf 91' lang='lat' dir='ltr'>ante</span> <span class='ocrx_word' id='word_1_104' title='bbox 718 2010 821 2087; x_wconf 85' lang='lat' dir='ltr'>pedes,</span> <span class='ocrx_word' id='word_1_105' title='bbox 835 2029 893 2071; x_wconf 88' lang='lat' dir='ltr'>nec</span> <span class='ocrx_word' id='word_1_106' title='bbox 906 2010 991 2087; x_wconf 87' lang='lat' dir='ltr'>plura</span> <span class='ocrx_word' id='word_1_107' title='bbox 1004 2021 1136 2074; x_wconf 83' lang='lat' dir='ltr'>moratus</span> 
     </span>
     <span class='ocr_line' id='line_1_17' title="bbox 401 2102 1190 2181; baseline 0.001 -18"><span class='ocrx_word' id='word_1_108' title='bbox 401 2106 482 2163; x_wconf 89' lang='lat' dir='ltr'>Tum</span> <span class='ocrx_word' id='word_1_109' title='bbox 496 2104 581 2163; x_wconf 86' lang='lat' dir='ltr'>laeva</span> <span class='ocrx_word' id='word_1_110' title='bbox 594 2111 711 2162; x_wconf 89' lang='lat' dir='ltr'>taurum</span> <span class='ocrx_word' id='word_1_111' title='bbox 725 2121 818 2162; x_wconf 85' lang='lat' dir='ltr'>cornu</span> <span class='ocrx_word' id='word_1_112' title='bbox 832 2113 922 2177; x_wconf 89' lang='lat' dir='ltr'>tenet,</span> <span class='ocrx_word' id='word_1_113' title='bbox 938 2113 1027 2181; x_wconf 88' lang='lat' dir='ltr'>atque</span> <span class='ocrx_word' id='word_1_114' title='bbox 1040 2102 1084 2164; x_wconf 89' lang='lat' dir='ltr'>ita</span> <span class='ocrx_word' id='word_1_115' title='bbox 1096 2104 1190 2168; x_wconf 79' lang='lat' dir='ltr'>tatur:</span> 
     </span>
     <span class='ocr_line' id='line_1_18' title="bbox 403 2196 1135 2274; baseline 0.007 -18"><span class='ocrx_word' id='word_1_116' title='bbox 403 2197 483 2257; x_wconf 91' lang='lat' dir='ltr'>Nate</span> <span class='ocrx_word' id='word_1_117' title='bbox 498 2197 563 2270; x_wconf 88' lang='lat' dir='ltr'>dea,</span> <span class='ocrx_word' id='word_1_118' title='bbox 579 2196 604 2255; x_wconf 91' lang='lat' dir='ltr'>si</span> <span class='ocrx_word' id='word_1_119' title='bbox 618 2214 708 2256; x_wconf 92' lang='lat' dir='ltr'>nemo</span> <span class='ocrx_word' id='word_1_120' title='bbox 721 2197 813 2260; x_wconf 89' lang='lat' dir='ltr'>audet</span> <span class='ocrx_word' id='word_1_121' title='bbox 826 2215 858 2256; x_wconf 90' lang='lat' dir='ltr'>se</span> <span class='ocrx_word' id='word_1_122' title='bbox 872 2197 994 2258; x_wconf 91' lang='lat' dir='ltr'>credere</span> <span class='ocrx_word' id='word_1_123' title='bbox 1008 2216 1135 2274; x_wconf 83' lang='lat' dir='ltr'>pugnae,</span> 
     </span>
     <span class='ocr_line' id='line_1_19' title="bbox 401 2289 1184 2367; baseline 0.001 -17"><span class='ocrx_word' id='word_1_124' title='bbox 401 2291 489 2365; x_wconf 91' lang='lat' dir='ltr'>Quae</span> <span class='ocrx_word' id='word_1_125' title='bbox 504 2290 571 2349; x_wconf 85' lang='lat' dir='ltr'>finis</span> <span class='ocrx_word' id='word_1_126' title='bbox 586 2290 703 2349; x_wconf 84' lang='lat' dir='ltr'>standi?</span> <span class='ocrx_word' id='word_1_127' title='bbox 724 2308 785 2366; x_wconf 91' lang='lat' dir='ltr'>quo</span> <span class='ocrx_word' id='word_1_128' title='bbox 799 2308 847 2350; x_wconf 93' lang='lat' dir='ltr'>me</span> <span class='ocrx_word' id='word_1_129' title='bbox 862 2291 950 2351; x_wconf 89' lang='lat' dir='ltr'>decet</span> <span class='ocrx_word' id='word_1_130' title='bbox 962 2309 1056 2367; x_wconf 89' lang='lat' dir='ltr'>usque</span> <span class='ocrx_word' id='word_1_131' title='bbox 1071 2289 1184 2352; x_wconf 75' lang='lat' dir='ltr'>teneri?</span> 
     </span>
     <span class='ocr_line' id='line_1_20' title="bbox 401 2382 1381 2462; baseline 0.004 -21"><span class='ocrx_word' id='word_1_132' title='bbox 401 2384 520 2443; x_wconf 90' lang='lat' dir='ltr'>Ducere</span> <span class='ocrx_word' id='word_1_133' title='bbox 535 2383 615 2444; x_wconf 85' lang='lat' dir='ltr'>dona</span> <span class='ocrx_word' id='word_1_134' title='bbox 625 2383 707 2462; x_wconf 86' lang='lat' dir='ltr'>jube.</span> <span class='ocrx_word' id='word_1_135' title='bbox 750 2382 859 2443; x_wconf 91' lang='lat' dir='ltr'>Cuncti</span> <span class='ocrx_word' id='word_1_136' title='bbox 872 2382 959 2444; x_wconf 88' lang='lat' dir='ltr'>simul</span> <span class='ocrx_word' id='word_1_137' title='bbox 973 2402 1025 2444; x_wconf 90' lang='lat' dir='ltr'>ore</span> <span class='ocrx_word' id='word_1_138' title='bbox 1039 2383 1206 2445; x_wconf 79' lang='lat' dir='ltr'>fremebant</span> <span class='ocrx_word' id='word_1_139' title='bbox 1343 2401 1381 2456; x_wconf 65' lang='grc' dir='ltr'><strong><em>η</em></strong></span> 
     </span>
     <span class='ocr_line' id='line_1_21' title="bbox 402 2474 1166 2555; baseline 0.005 -19"><span class='ocrx_word' id='word_1_140' title='bbox 402 2475 603 2549; x_wconf 85' lang='lat' dir='ltr'>Dardanidae,</span> <span class='ocrx_word' id='word_1_141' title='bbox 618 2474 762 2552; x_wconf 87' lang='lat' dir='ltr'>reddique</span> <span class='ocrx_word' id='word_1_142' title='bbox 776 2474 840 2535; x_wconf 88' lang='lat' dir='ltr'>viro</span> <span class='ocrx_word' id='word_1_143' title='bbox 853 2476 1002 2553; x_wconf 84' lang='lat' dir='ltr'>promissa</span> <span class='ocrx_word' id='word_1_144' title='bbox 1010 2477 1166 2555; x_wconf 80' lang='lat' dir='ltr'>jubebant</span> 
     </span>
     <span class='ocr_line' id='line_1_22' title="bbox 402 2567 1128 2647; baseline 0.003 -19"><span class='ocrx_word' id='word_1_145' title='bbox 402 2569 465 2629; x_wconf 90' lang='lat' dir='ltr'>Hic</span> <span class='ocrx_word' id='word_1_146' title='bbox 478 2568 575 2646; x_wconf 88' lang='lat' dir='ltr'>gravis</span> <span class='ocrx_word' id='word_1_147' title='bbox 590 2569 740 2629; x_wconf 90' lang='lat' dir='ltr'>Entellum</span> <span class='ocrx_word' id='word_1_148' title='bbox 754 2567 842 2629; x_wconf 90' lang='lat' dir='ltr'>dictis</span> <span class='ocrx_word' id='word_1_149' title='bbox 855 2569 980 2647; x_wconf 86' lang='lat' dir='ltr'>castigat</span> <span class='ocrx_word' id='word_1_150' title='bbox 993 2572 1128 2644; x_wconf 79' lang='lat' dir='ltr'>Acestes,</span> 
     </span>
     <span class='ocr_line' id='line_1_23' title="bbox 402 2661 1176 2727; baseline 0.005 -6"><span class='ocrx_word' id='word_1_151' title='bbox 402 2662 556 2722; x_wconf 87' lang='lat' dir='ltr'>Proximus</span> <span class='ocrx_word' id='word_1_152' title='bbox 570 2674 604 2726; x_wconf 90' lang='lat' dir='ltr'>ut</span> <span class='ocrx_word' id='word_1_153' title='bbox 616 2661 763 2726; x_wconf 83' lang='lat' dir='ltr'>viridante</span> <span class='ocrx_word' id='word_1_154' title='bbox 777 2673 842 2723; x_wconf 89' lang='lat' dir='ltr'>toro</span> <span class='ocrx_word' id='word_1_155' title='bbox 856 2663 1034 2724; x_wconf 85' lang='lat' dir='ltr'>consederat</span> <span class='ocrx_word' id='word_1_156' title='bbox 1047 2665 1176 2727; x_wconf 82' lang='lat' dir='ltr'>herbae:</span> 
     </span>
     <span class='ocr_line' id='line_1_24' title="bbox 402 2755 1266 2833; baseline 0.001 -17"><span class='ocrx_word' id='word_1_157' title='bbox 402 2757 529 2830; x_wconf 90' lang='lat' dir='ltr'>Entelle‚</span> <span class='ocrx_word' id='word_1_158' title='bbox 545 2756 668 2816; x_wconf 91' lang='lat' dir='ltr'>heroum</span> <span class='ocrx_word' id='word_1_159' title='bbox 683 2755 836 2833; x_wconf 90' lang='lat' dir='ltr'>quondam</span> <span class='ocrx_word' id='word_1_160' title='bbox 849 2755 1008 2818; x_wconf 82' lang='lat' dir='ltr'>fortissime</span> <span class='ocrx_word' id='word_1_161' title='bbox 1022 2757 1136 2831; x_wconf 85' lang='lat' dir='ltr'>frustra,</span> <span class='ocrx_word' id='word_1_162' title='bbox 1263 2798 1266 2807; x_wconf 88' lang='lat'>·</span> 
     </span>
     <span class='ocr_line' id='line_1_25' title="bbox 401 2849 1381 2926; baseline 0.01 -18"><span class='ocrx_word' id='word_1_163' title='bbox 401 2851 537 2909; x_wconf 89' lang='lat' dir='ltr'>Tantane</span> <span class='ocrx_word' id='word_1_164' title='bbox 552 2859 613 2909; x_wconf 90' lang='lat' dir='ltr'>tam</span> <span class='ocrx_word' id='word_1_165' title='bbox 627 2849 742 2926; x_wconf 85' lang='lat' dir='ltr'>patiens</span> <span class='ocrx_word' id='word_1_166' title='bbox 757 2850 839 2909; x_wconf 90' lang='lat' dir='ltr'>nullo</span> <span class='ocrx_word' id='word_1_167' title='bbox 852 2851 1013 2912; x_wconf 80' lang='lat' dir='ltr'>certamine</span> <span class='ocrx_word' id='word_1_168' title='bbox 1028 2850 1094 2912; x_wconf 89' lang='lat' dir='ltr'>tolli</span> <span class='ocrx_word' id='word_1_169' title='bbox 1342 2875 1381 2918; x_wconf 73' lang='lat' dir='ltr'>rr·</span> 
     </span>
     <span class='ocr_line' id='line_1_26' title="bbox 401 2942 1212 3021; baseline 0.002 -19"><span class='ocrx_word' id='word_1_170' title='bbox 401 2943 492 3003; x_wconf 91' lang='lat' dir='ltr'>Dona</span> <span class='ocrx_word' id='word_1_171' title='bbox 506 2942 585 3002; x_wconf 87' lang='lat' dir='ltr'>sines</span> <span class='ocrx_word' id='word_1_172' title='bbox 594 2945 617 3002; x_wconf 65' lang='lat' dir='ltr'>‚a</span> <span class='ocrx_word' id='word_1_173' title='bbox 646 2942 710 3003; x_wconf 92' lang='lat' dir='ltr'>Ubi</span> <span class='ocrx_word' id='word_1_174' title='bbox 723 2962 804 3003; x_wconf 91' lang='lat' dir='ltr'>nunc</span> <span class='ocrx_word' id='word_1_175' title='bbox 818 2942 906 3003; x_wconf 89' lang='lat' dir='ltr'>nobis</span> <span class='ocrx_word' id='word_1_176' title='bbox 919 2944 994 3004; x_wconf 87' lang='lat' dir='ltr'>deus</span> <span class='ocrx_word' id='word_1_177' title='bbox 1008 2944 1059 3004; x_wconf 92' lang='lat' dir='ltr'>ille</span> <span class='ocrx_word' id='word_1_178' title='bbox 1072 2942 1212 3021; x_wconf 81' lang='lat' dir='ltr'>magister</span> 
     </span>
     <span class='ocr_line' id='line_1_27' title="bbox 401 3035 1317 3113; baseline 0.003 -18"><span class='ocrx_word' id='word_1_179' title='bbox 401 3035 612 3112; x_wconf 90' lang='lat' dir='ltr'>Nequidquam</span> <span class='ocrx_word' id='word_1_180' title='bbox 626 3046 807 3098; x_wconf 86' lang='lat' dir='ltr'>memoratus</span> <span class='ocrx_word' id='word_1_181' title='bbox 820 3037 920 3113; x_wconf 71' lang='lat' dir='ltr'>Eryx?</span> <span class='ocrx_word' id='word_1_182' title='bbox 961 3036 1024 3097; x_wconf 91' lang='lat' dir='ltr'>Ubi</span> <span class='ocrx_word' id='word_1_183' title='bbox 1038 3037 1118 3098; x_wconf 73' lang='lat' dir='ltr'>hina</span> <span class='ocrx_word' id='word_1_184' title='bbox 1130 3053 1317 3113; x_wconf 86' lang='lat' dir='ltr'>peromnem</span> 
     </span>
     <span class='ocr_line' id='line_1_28' title="bbox 400 3128 1179 3207; baseline 0.005 -20"><span class='ocrx_word' id='word_1_185' title='bbox 400 3128 591 3202; x_wconf 88' lang='lat' dir='ltr'>Trinacriam,</span> <span class='ocrx_word' id='word_1_186' title='bbox 606 3139 637 3189; x_wconf 91' lang='lat' dir='ltr'>et</span> <span class='ocrx_word' id='word_1_187' title='bbox 651 3129 751 3205; x_wconf 78' lang='lat' dir='ltr'>spolia</span> <span class='ocrx_word' id='word_1_188' title='bbox 760 3129 811 3193; x_wconf 82' lang='lat' dir='ltr'>illa</span> <span class='ocrx_word' id='word_1_189' title='bbox 824 3130 882 3190; x_wconf 91' lang='lat' dir='ltr'>tuis</span> <span class='ocrx_word' id='word_1_190' title='bbox 897 3128 1061 3207; x_wconf 85' lang='lat' dir='ltr'>pendentia</span> <span class='ocrx_word' id='word_1_191' title='bbox 1073 3129 1179 3192; x_wconf 78' lang='lat' dir='ltr'>tectis?</span> 
     </span>
     <span class='ocr_line' id='line_1_29' title="bbox 396 3221 1227 3300; baseline 0.005 -19"><span class='ocrx_word' id='word_1_192' title='bbox 396 3222 456 3281; x_wconf 79' lang='lat' dir='ltr'>ille</span> <span class='ocrx_word' id='word_1_193' title='bbox 472 3224 527 3281; x_wconf 95' lang='lat' dir='ltr'>suh</span> <span class='ocrx_word' id='word_1_194' title='bbox 542 3221 635 3282; x_wconf 90' lang='lat' dir='ltr'>haec:</span> <span class='ocrx_word' id='word_1_195' title='bbox 656 3224 727 3286; x_wconf 92' lang='lat' dir='ltr'>Non</span> <span class='ocrx_word' id='word_1_196' title='bbox 741 3222 837 3283; x_wconf 84' lang='lat' dir='ltr'>laudis</span> <span class='ocrx_word' id='word_1_197' title='bbox 852 3242 944 3297; x_wconf 86' lang='lat' dir='ltr'>amor,</span> <span class='ocrx_word' id='word_1_198' title='bbox 959 3242 1016 3284; x_wconf 90' lang='lat' dir='ltr'>nec</span> <span class='ocrx_word' id='word_1_199' title='bbox 1029 3222 1123 3300; x_wconf 80' lang='lat' dir='ltr'>gloria</span> <span class='ocrx_word' id='word_1_200' title='bbox 1136 3222 1227 3288; x_wconf 83' lang='lat' dir='ltr'>cessit</span> 
     </span>
     <span class='ocr_line' id='line_1_30' title="bbox 401 3314 1380 3393; baseline 0.004 -20"><span class='ocrx_word' id='word_1_201' title='bbox 401 3316 492 3374; x_wconf 90' lang='lat' dir='ltr'>Pulsa</span> <span class='ocrx_word' id='word_1_202' title='bbox 505 3325 608 3390; x_wconf 88' lang='lat' dir='ltr'>metu;</span> <span class='ocrx_word' id='word_1_203' title='bbox 627 3315 680 3375; x_wconf 86' lang='lat' dir='ltr'>sed</span> <span class='ocrx_word' id='word_1_204' title='bbox 695 3314 775 3376; x_wconf 89' lang='lat' dir='ltr'>enirn</span> <span class='ocrx_word' id='word_1_205' title='bbox 789 3316 904 3393; x_wconf 85' lang='lat' dir='ltr'>gelidus</span> <span class='ocrx_word' id='word_1_206' title='bbox 918 3317 1052 3379; x_wconf 90' lang='lat' dir='ltr'>tardante</span> <span class='ocrx_word' id='word_1_207' title='bbox 1067 3326 1189 3378; x_wconf 84' lang='lat' dir='ltr'>senecta</span> <span class='ocrx_word' id='word_1_208' title='bbox 1342 3344 1380 3388; x_wconf 69' lang='lat' dir='ltr'>m</span> 
     </span>
     <span class='ocr_line' id='line_1_31' title="bbox 401 3407 1224 3487; baseline 0.006 -20"><span class='ocrx_word' id='word_1_209' title='bbox 401 3407 527 3484; x_wconf 87' lang='lat' dir='ltr'>Sanguis</span> <span class='ocrx_word' id='word_1_210' title='bbox 541 3409 641 3482; x_wconf 83' lang='lat' dir='ltr'>hehet,</span> <span class='ocrx_word' id='word_1_211' title='bbox 657 3408 823 3487; x_wconf 82' lang='lat' dir='ltr'>frigentque</span> <span class='ocrx_word' id='word_1_212' title='bbox 836 3410 942 3470; x_wconf 82' lang='lat' dir='ltr'>effetae</span> <span class='ocrx_word' id='word_1_213' title='bbox 956 3408 987 3470; x_wconf 89' lang='lat' dir='ltr'>in</span> <span class='ocrx_word' id='word_1_214' title='bbox 1001 3428 1125 3487; x_wconf 88' lang='lat' dir='ltr'>corpore</span> <span class='ocrx_word' id='word_1_215' title='bbox 1139 3408 1224 3472; x_wconf 81' lang='lat' dir='ltr'>vires</span> 
     </span>
     <span class='ocr_line' id='line_1_32' title="bbox 402 3500 1277 3580; baseline 0.005 -20"><span class='ocrx_word' id='word_1_216' title='bbox 402 3500 432 3560; x_wconf 89' lang='lat' dir='ltr'>Si</span> <span class='ocrx_word' id='word_1_217' title='bbox 445 3500 529 3575; x_wconf 90' lang='lat' dir='ltr'>mihi,</span> <span class='ocrx_word' id='word_1_218' title='bbox 544 3520 621 3578; x_wconf 75' lang='lat' dir='ltr'>quae</span> <span class='ocrx_word' id='word_1_219' title='bbox 635 3502 788 3578; x_wconf 88' lang='lat' dir='ltr'>quondam</span> <span class='ocrx_word' id='word_1_220' title='bbox 801 3503 905 3576; x_wconf 84' lang='lat' dir='ltr'>fuerat,</span> <span class='ocrx_word' id='word_1_221' title='bbox 920 3522 1037 3579; x_wconf 88' lang='lat' dir='ltr'>quaque</span> <span class='ocrx_word' id='word_1_222' title='bbox 1052 3503 1205 3580; x_wconf 84' lang='lat' dir='ltr'>improbus</span> <span class='ocrx_word' id='word_1_223' title='bbox 1220 3502 1277 3567; x_wconf 79' lang='lat' dir='ltr'>iste</span> 
     </span>
     <span class='ocr_line' id='line_1_33' title="bbox 402 3593 1105 3675; baseline 0.006 -21"><span class='ocrx_word' id='word_1_224' title='bbox 402 3593 537 3654; x_wconf 85' lang='lat' dir='ltr'>Exsultat</span> <span class='ocrx_word' id='word_1_225' title='bbox 551 3595 657 3668; x_wconf 87' lang='lat' dir='ltr'>fidens,</span> <span class='ocrx_word' id='word_1_226' title='bbox 672 3594 698 3655; x_wconf 90' lang='lat' dir='ltr'>si</span> <span class='ocrx_word' id='word_1_227' title='bbox 712 3614 793 3655; x_wconf 86' lang='lat' dir='ltr'>nunc</span> <span class='ocrx_word' id='word_1_228' title='bbox 807 3596 882 3656; x_wconf 81' lang='lat' dir='ltr'>foret</span> <span class='ocrx_word' id='word_1_229' title='bbox 896 3594 948 3657; x_wconf 87' lang='lat' dir='ltr'>illa</span> <span class='ocrx_word' id='word_1_230' title='bbox 957 3596 1105 3675; x_wconf 85' lang='lat' dir='ltr'>juventas,</span> 
     </span>
     <span class='ocr_line' id='line_1_34' title="bbox 403 3682 1256 3766; baseline 0.009 -20"><span class='ocrx_word' id='word_1_231' title='bbox 403 3688 494 3747; x_wconf 84' lang='lat' dir='ltr'>Haud</span> <span class='ocrx_word' id='word_1_232' title='bbox 509 3682 651 3765; x_wconf 86' lang='lat' dir='ltr'>equidem</span> <span class='ocrx_word' id='word_1_233' title='bbox 665 3688 762 3766; x_wconf 82' lang='lat' dir='ltr'>pretio</span> <span class='ocrx_word' id='word_1_234' title='bbox 774 3688 914 3749; x_wconf 84' lang='lat' dir='ltr'>inductus</span> <span class='ocrx_word' id='word_1_235' title='bbox 927 3689 1112 3766; x_wconf 84' lang='lat' dir='ltr'>pulchroque</span> <span class='ocrx_word' id='word_1_236' title='bbox 1124 3690 1256 3765; x_wconf 80' lang='lat' dir='ltr'>juvenco</span> 
     </span>
     <span class='ocr_line' id='line_1_35' title="bbox 402 3781 1380 3855; baseline 0.01 -15"><span class='ocrx_word' id='word_1_237' title='bbox 402 3781 566 3855; x_wconf 88' lang='lat' dir='ltr'>Venissem,</span> <span class='ocrx_word' id='word_1_238' title='bbox 581 3801 640 3843; x_wconf 86' lang='lat' dir='ltr'>nec</span> <span class='ocrx_word' id='word_1_239' title='bbox 653 3783 735 3842; x_wconf 90' lang='lat' dir='ltr'>dona</span> <span class='ocrx_word' id='word_1_240' title='bbox 748 3801 855 3843; x_wconf 88' lang='lat' dir='ltr'>moror.</span> <span class='ocrx_word' id='word_1_241' title='bbox 899 3782 949 3844; x_wconf 89' lang='lat' dir='ltr'>Sic</span> <span class='ocrx_word' id='word_1_242' title='bbox 963 3782 1073 3846; x_wconf 87' lang='lat' dir='ltr'>deinde</span> <span class='ocrx_word' id='word_1_243' title='bbox 1086 3784 1204 3848; x_wconf 67' lang='lat' dir='ltr'>locutis</span> <span class='ocrx_word' id='word_1_244' title='bbox 1342 3809 1380 3850; x_wconf 67' lang='lat' dir='ltr'>rw</span> 
     </span>
     <span class='ocr_line' id='line_1_36' title="bbox 403 3874 1149 3953; baseline 0.004 -19"><span class='ocrx_word' id='word_1_245' title='bbox 403 3875 436 3933; x_wconf 93' lang='lat' dir='ltr'>In</span> <span class='ocrx_word' id='word_1_246' title='bbox 451 3875 585 3935; x_wconf 89' lang='lat' dir='ltr'>medium</span> <span class='ocrx_word' id='word_1_247' title='bbox 598 3875 734 3953; x_wconf 82' lang='lat' dir='ltr'>geminos</span> <span class='ocrx_word' id='word_1_248' title='bbox 748 3874 875 3935; x_wconf 87' lang='lat' dir='ltr'>immani</span> <span class='ocrx_word' id='word_1_249' title='bbox 884 3876 1018 3952; x_wconf 84' lang='lat' dir='ltr'>pondere</span> <span class='ocrx_word' id='word_1_250' title='bbox 1032 3886 1149 3938; x_wconf 83' lang='lat' dir='ltr'>caestus</span> 
     </span>
     <span class='ocr_line' id='line_1_37' title="bbox 401 3968 1128 4049; baseline 0.01 -22"><span class='ocrx_word' id='word_1_251' title='bbox 401 3968 538 4049; x_wconf 88' lang='lat' dir='ltr'>Projecit‚</span> <span class='ocrx_word' id='word_1_252' title='bbox 553 3969 664 4047; x_wconf 88' lang='lat' dir='ltr'>quibus</span> <span class='ocrx_word' id='word_1_253' title='bbox 676 3987 746 4030; x_wconf 84' lang='lat' dir='ltr'>aoer</span> <span class='ocrx_word' id='word_1_254' title='bbox 760 3970 840 4047; x_wconf 71' lang='lat' dir='ltr'>Eryx</span> <span class='ocrx_word' id='word_1_255' title='bbox 852 3969 884 4029; x_wconf 88' lang='lat' dir='ltr'>in</span> <span class='ocrx_word' id='word_1_256' title='bbox 897 3969 1014 4047; x_wconf 76' lang='lat' dir='ltr'>proelia</span> <span class='ocrx_word' id='word_1_257' title='bbox 1026 3978 1128 4034; x_wconf 73' lang='lat' dir='ltr'>suetus</span> 
     </span>
    </p>
   </div>
   <div class='ocr_carea' id='block_1_3' title="bbox 0 0 1780 4859">
    <p class='ocr_par' dir='ltr' id='par_1_4' title="bbox 0 0 1780 4859">
     <span class='ocr_line' id='line_1_38' title="bbox 0 0 1780 4859; baseline 0 0"><span class='ocrx_word' id='word_1_258' title='bbox 0 0 1780 4859; x_wconf 95' lang='lat' dir='ltr'> </span> 
     </span>
    </p>
   </div>
  </div>
 </body>
</html>
