3550 4859
397 580 436 638 9²
710 574 737 619 r.
755 574 892 622 waeran
912 575 1054 622 ωοιιε

396 720 504 799 Spicea
515 721 578 798 jam
592 719 706 799 campis
719 740 812 799 quum
824 720 929 782 meanis
943 720 1097 794 inhorruit,
1111 728 1142 782 et
1156 733 1249 798 quum

397 813 700 875 Frumentainviridi
714 814 823 893 stipula
835 813 977 876 lactentia
990 816 1127 892 turgent?
1336 841 1377 884 μ,

398 908 494 985 Saepe
509 926 574 986 ego,
590 927 683 985 quum
695 908 780 969 flavis
793 926 956 970 messorem
969 906 1122 968 induceret
1136 906 1213 969 arva

397 1001 537 1080 Agricola
550 1011 580 1061 et
594 1000 687 1078 fragili
699 1002 762 1078 jam
776 1000 931 1078 stringeret
944 1000 1058 1061 hordea
1071 1001 1181 1074 culmo,

397 1093 510 1156 Omnia
521 1104 677 1155 ventorum
691 1112 866 1155 concurrere
880 1092 994 1171 proelia
1006 1092 1076 1168 vidi,

397 1188 484 1264 Quae
497 1186 649 1265 pavidam
663 1188 722 1247 late
737 1195 868 1264 segetem
882 1188 922 1247 ab
935 1186 1084 1248 radicibus
1097 1186 1165 1248 imis

396 1280 560 1342 Sublimem
575 1280 728 1357 expulsam
742 1290 897 1355 eruerent,
917 1279 959 1341 ita
972 1279 1090 1340 turbine
1103 1279 1189 1357 nigro

397 1375 499 1436 Ferret
512 1372 607 1433 hiems
622 1375 812 1450 culmumque
826 1374 922 1433 levem
937 1373 1118 1450 stipulasque
1131 1374 1274 1450 volantes

398 1468 495 1544 Saepe
510 1465 599 1527 etiam
614 1466 793 1527 immensum
805 1466 894 1526 coelo
906 1465 989 1526 venit
1002 1484 1109 1543 agmen
1123 1459 1276 1543 aquarum,

399 1562 438 1621 Et
452 1560 572 1621 foedam
586 1560 751 1638 glomerant
765 1570 973 1637 tempestatem
988 1558 1130 1620 imbribus
1145 1558 1214 1620 atris

398 1655 551 1717 Collectae
566 1672 603 1713 ex
617 1654 677 1713 alto
691 1654 805 1727 nubes,
825 1653 883 1713 ruit
900 1653 1009 1740 arduus
1021 1653 1132 1727 aether,

398 1750 437 1807 Et
451 1746 551 1825 pluvia
565 1745 677 1823 ingenti
691 1756 756 1806 sata
768 1746 847 1806 laeta
858 1746 1012 1823 boumque
1025 1745 1144 1807 labores

398 1840 513 1913 Diluit;
533 1839 693 1916 implentur
705 1839 811 1912 fossae,
826 1848 857 1899 et
871 1839 945 1899 cav'a
958 1837 1081 1898 flumine
1094 1848 1231 1900 crescunt
1330 1849 1332 1854 '

398 1934 477 1995 Cum
491 1932 598 2005 sonitu,
615 1933 765 2008 semetque
779 1930 861 1993 fretis
875 1930 1055 2009 spirantibus
1068 1950 1187 2009 aequor.

397 2028 469 2103 Ipse
484 2028 572 2087 Pater
585 2024 684 2085 media
698 2024 868 2086 nimborum
881 2023 913 2084 in
927 2036 1016 2085 nocte
1030 2043 1154 2086 corusca

398 2118 536 2179 Fulmina
550 2118 669 2179 molitur
683 2118 805 2191 dextra,
823 2137 884 2196 quo
898 2117 1028 2179 maxima
1041 2128 1125 2179 motu

398 2214 491 2272 Terra
504 2212 611 2285 tremit,
627 2213 726 2289 sugere
740 2212 828 2285 ferae,
844 2221 874 2271 et
888 2210 1025 2272 mortalia
1036 2212 1129 2272 corda
1376 2275 1379 2280 ,

398 2308 456 2366 Per
468 2316 573 2383 gentes
587 2303 822 2373 humilisstravit
835 2323 947 2382 pavor,
967 2304 1017 2365 ille
1031 2304 1166 2381 flagranti
1284 2325 1287 2330 ·

397 2401 459 2459 Aut
473 2398 586 2473 Athon,
603 2410 653 2459 aut
668 2398 849 2475 Rhodopen,
865 2406 916 2458 aut
930 2398 991 2458 alta
1005 2396 1155 2459 Ceraunia
1167 2397 1229 2459 telo

398 2491 529 2569 Dejicit;
549 2491 733 2569 ingeminant
747 2491 837 2552 austri
851 2501 882 2551 et
896 2490 1088 2552 densissimus
1102 2490 1215 2566 imber;

398 2586 488 2645 Nunc
502 2603 625 2645 nemora
638 2584 752 2662 ingenti
766 2593 865 2658 vento,
880 2602 961 2644 nunc
975 2583 1062 2645 litora
1075 2585 1229 2663 plangrmt.

399 2679 471 2737 Hoc
485 2689 629 2751 metuens,
644 2677 722 2738 coeli
736 2696 854 2738 menses
868 2686 899 2737 et
912 2676 1011 2738 sidera
1023 2696 1115 2751 serva,

398 2770 517 2849 Frigida
530 2769 648 2831 Saturni
662 2790 727 2832 sese
742 2790 803 2866 quo
817 2771 903 2831 stella
915 2780 1056 2848 receptet,

398 2865 484 2941 Quos
498 2862 575 2941 ignis
589 2862 666 2923 coeli
681 2862 833 2941 Cyllenius
847 2874 924 2925 erret
938 2863 969 2924 in
983 2865 1079 2924 orbes.

398 2960 435 3017 In
452 2956 552 3034 primis
566 2976 705 3017 venerare
720 2957 802 3029 deos,
818 2967 908 3033 atque
923 2975 1022 3017 annua
1035 2974 1161 3034 magnae

398 3052 487 3112 Sacra
500 3050 576 3110 reser
590 3049 690 3111 Cereri
704 3048 788 3110 laetis
803 3060 942 3126 operatus
955 3048 985 3109 in
1000 3048 1108 3124 herbis,

399 3146 556 3204 Extremae
571 3143 625 3202 sub
640 3161 742 3202 casum
756 3141 871 3216 hiemis,
885 3143 949 3219 jam
961 3161 1029 3202 vere
1043 3156 1160 3204 serene.

397 3239 477 3299 Tum
491 3234 616 3313 pingues
630 3234 707 3312 agni,
723 3244 755 3296 et
769 3244 834 3295 turn
847 3233 1022 3296 mollissima
1035 3236 1106 3296 vina
1114 3256 1125 3311 3

398 3332 477 3389 Tum
492 3328 589 3389 somni
603 3328 706 3389 dulces
719 3329 891 3405 densaeque
906 3328 936 3388 in
951 3327 1103 3389 montibus
1117 3329 1248 3391 umbrae.

399 3424 517 3486 Cuncta
530 3422 584 3482 tibi
600 3423 740 3482 Cererem
754 3422 849 3498 pubes
863 3420 987 3498 agrestis
1000 3421 1113 3496 adoret,

399 3515 456 3578 Cui
471 3526 502 3575 tu
516 3516 593 3575 lacte
608 3515 690 3575 savos
704 3522 735 3575 et
748 3513 813 3573 miti
827 3513 908 3575 dilue
923 3514 1051 3590 Baccho,

397 3610 517 3685 Terque
531 3626 624 3669 novas
638 3606 749 3668 circum
762 3605 833 3667 felix
846 3616 895 3667 eat
909 3605 1008 3666 hostia
1020 3607 1126 3685 surges,

397 3700 506 3764 Omnis
520 3719 611 3778 quam
624 3700 733 3761 chorus
747 3709 777 3760 et
791 3698 864 3759 socii
878 3697 1058 3760 comitentur
1070 3710 1205 3776 ovantes,

399 3796 438 3855 Et
452 3796 592 3857 Cererem
606 3794 736 3854 clamore
749 3802 857 3854 vocent
872 3790 902 3851 in
917 3802 1015 3866 tecta;
1035 3812 1133 3869 neque
1148 3805 1218 3856 ante

399 3888 521 3948 Falcem
535 3886 657 3948 maturis
670 3884 829 3963 quisquam
842 3894 992 3962 supponat
1004 3884 1107 3957 aristis,

400 3981 499 4059 Quam
513 3979 616 4043 Cereri
627 3988 706 4042 torta
718 3977 870 4041 redimitus
884 3988 1019 4062 tempora
1032 3995 1144 4054 quercu
