3550 4859
440 571 497 619 220
752 575 778 617 P.
798 573 933 617 VIRGILII
955 573 1097 617 unkoms

437 721 566 797 Jamque
581 721 641 779 fere
655 719 785 779 mediam
800 718 880 781 coeli,
894 721 963 778 Nox
977 717 1100 778 humida
1113 728 1224 778 metam

437 812 631 891 Contigerat;
652 813 771 889 placida
785 814 924 872 laxabant
939 814 1072 872 membra
1086 811 1187 889 quiete

437 907 497 966 Sub
512 905 600 964 remis
614 906 670 964 fusi
685 925 738 982 per
752 907 826 965 dura
839 905 943 965 sedilia
957 916 1083 965 nautae:

437 998 538 1070 Quum
548 998 621 1057 levis
630 997 767 1057 aetheriis
775 999 917 1075 delapsus
925 1000 1052 1058 Somnus
1066 999 1106 1058 ab
1120 998 1207 1059 astris

437 1092 518 1148 Aera
532 1089 658 1149 dimovit
672 1091 860 1150 tenebrosum
875 1101 906 1150 et
921 1091 1041 1167 dispulit
1054 1092 1182 1165 umbras,

436 1184 490 1257 Te,
508 1182 653 1256 Palinure,
669 1195 783 1260 petens,
800 1183 853 1242 tibi
868 1184 983 1243 somnia
998 1184 1090 1244 tristia
1103 1194 1228 1261 portans

437 1275 576 1349 insonti3
596 1275 750 1352 puppique
764 1277 838 1336 deus
853 1277 989 1336 consedit
1002 1277 1033 1336 in
1048 1279 1116 1351 alta,
1219 1286 1221 1288 ’

437 1368 728 1442 Phorbanti0similis,
744 1369 900 1446 funditque
914 1370 968 1429 has
983 1389 1033 1431 ore
1048 1370 1203 1446 loquelas:

437 1460 536 1521 Iaside
552 1461 697 1535 Palinure,
714 1464 810 1521 serunt
824 1463 889 1539 ipsa
902 1482 1032 1539 aequora
1045 1463 1192 1538 classem3

436 1558 592 1632 Aequatae
607 1554 719 1631 spirant
733 1576 839 1630 aurae3
860 1558 946 1615 datur
959 1557 1033 1616 hora
1046 1556 1146 1633 quieti

436 1651 519 1709 Pone
535 1660 633 1725 caput,
650 1650 804 1725 fessosque
818 1650 921 1708 oculos
935 1649 1028 1709 iurare
1043 1648 1145 1709 labori.

437 1743 507 1819 Ipse
523 1760 579 1818 ego
594 1740 744 1818 paulisper
756 1761 811 1819 pro
825 1754 854 1801 te
868 1751 920 1802 tua
933 1761 1056 1801 munera
1069 1742 1161 1803 inibo.

436 1834 494 1895 Cui
507 1834 557 1894 vix
572 1836 711 1894 attollens
726 1837 881 1895 Palinurus
896 1834 1007 1894 lumina
1021 1837 1116 1896 fatur:

436 1928 528 1987 Mene
543 1927 612 1986 salis
626 1927 736 2004 placidi
750 1929 863 1986 vultum
877 1928 1044 2004 fluctusque
1058 1927 1176 2005 quietos

436 2022 577 2097 Ignorare
589 2020 697 2099 jubes?
717 2040 804 2080 mene
819 2021 887 2079 huic
901 2021 1052 2080 confidere
1066 2024 1220 2084 monstro?

437 2116 562 2174 Aenean
576 2113 697 2173 credam
711 2110 784 2189 quid
798 2114 878 2173 enim
893 2114 1048 2174 fallacibus
1062 2114 1142 2175 auris

436 2208 476 2266 Et
489 2206 566 2267 coeli
581 2206 670 2266 toties
684 2207 826 2282 deceptus
841 2207 943 2267 fraude
958 2206 1073 2268 sereni?

435 2294 522 2359 Talia
536 2300 618 2359 dicta
633 2300 732 2372 dabat,
748 2300 924 2375 clavumque
938 2300 1042 2359 affixus
1057 2310 1088 2360 et
1101 2302 1227 2361 haerens
1260 2356 1263 2360 .

436 2394 592 2469 Nusquam
607 2393 770 2465 amittebat,
785 2394 949 2470 oculosque
964 2394 1019 2453 sub
1033 2403 1112 2453 astra
1125 2394 1256 2456 tenebat.

436 2486 516 2546 Ecce
531 2487 604 2545 deus
618 2504 733 2544 ramum
748 2486 882 2546 Lethaeo
896 2505 961 2546 rore
975 2487 1147 2547 madentem

435 2578 534 2655 Vique
549 2589 722 2655 soporatum
736 2579 837 2655 Stygia
850 2598 941 2655 super
953 2590 1077 2655 utraque
1091 2590 1213 2657 quassat

433 2673 594 2748 Tempora,
610 2671 821 2748 cunctantique
835 2672 968 2731 natantia
982 2672 1094 2733 lumina
1108 2673 1205 2734 solvit.

434 2764 495 2823 Vix
509 2764 619 2841 primos
634 2765 758 2841 inopina
771 2765 856 2841 quies
869 2766 1020 2824 laxaverat
1033 2776 1130 2826 artus:

436 2859 475 2917 Et
490 2858 753 2934 superincumbens
767 2878 835 2918 cum
849 2858 959 2935 puppis
973 2869 1055 2934 parte
1069 2860 1188 2919 revulsa

437 2953 574 3026 Cumque
589 2953 769 3028 gubernaclo
783 2950 910 3027 liquidas
925 2950 1051 3029 projecit
1064 2951 1096 3009 in
1109 2952 1207 3011 undas

437 3044 635 3121 Praecipitem
651 3064 686 3103 ac
701 3045 799 3104 socios
814 3044 1018 3120 nequidquam
1032 3063 1123 3121 saepe
1137 3053 1319 3120 vocantem

437 3138 509 3213 Ipse
523 3138 628 3196 volans
641 3148 745 3197 tenues
760 3156 792 3197 se
806 3136 924 3197 susurlit
938 3138 1000 3197 ales
1014 3139 1053 3197 ad
1068 3156 1161 3197 auras.

360 3268 363 3273 -
437 3229 536 3290 Currit
550 3230 605 3290 iter
619 3240 714 3290 tutum
728 3249 789 3290 non
804 3230 901 3290 secius
916 3250 1045 3307 aequore
1058 3229 1170 3304 classis,

437 3322 652 3399 Promissisque
665 3324 758 3399 patris
773 3323 907 3400 Neptuni
921 3324 1053 3384 interrita
1066 3325 1164 3384 fertur.
1194 3385 1197 3390 ,

436 3417 563 3492 Jamque
578 3416 655 3475 adeo
669 3417 809 3493 scopulos
826 3418 962 3476 Sirenum
977 3418 1103 3476 advecta
1116 3416 1246 3491 subibat,
1300 3477 1301 3480 ,

437 3507 581 3567 Difficiles
596 3510 747 3584 quondam
763 3511 984 3584 multorumque
999 3509 1116 3570 ossibus
1129 3510 1225 3583 albos,

437 3602 515 3659 'Puni
530 3619 619 3660 rauca
632 3602 758 3661 adsiduo
772 3602 860 3677 longe
874 3603 937 3660 sale
951 3620 1023 3660 saxa
1036 3604 1201 3663 sonabant:

437 3694 540 3768 Quum
554 3705 638 3771 pater
651 3694 759 3753 amisso
773 3694 939 3753 fluitantem
954 3713 1050 3754 errare
1064 3696 1208 3773 magistro

438 3788 545 3860 Sensit,
557 3797 591 3847 et
605 3787 668 3863 ipse
683 3796 776 3846 ratem
790 3786 943 3847 nocturnis
957 3786 1032 3847 rexit
1045 3787 1076 3847 in
1090 3789 1187 3862 undis,

439 3880 537 3939 Multa
550 3898 680 3956 gemens,
696 3898 827 3955 casuque
840 3879 973 3939 animum
987 3899 1150 3941 concussus
1164 3880 1253 3942 amici
1267 3902 1274 3942 :

438 3974 467 4032 0
481 3972 605 4031 nimium
619 3973 708 4042 coelo·
720 3973 872 4049 etpelago
885 3973 1002 4033 confise
1012 3992 1128 4049 sereno,

440 4064 547 4124 Nudus
560 4063 592 4123 in
605 4062 716 4143 ignota,
733 4063 880 4139 Palinure,
893 4064 1008 4143 jacebis
1022 4084 1120 4128 arena
