3550 4859
401 579 456 638 18⁶
714 595 739 639 r.
762 593 895 638 nuorur
916 595 1057 640 unuours

397 740 507 812 Odere,
524 738 632 799 infensi
646 738 748 816 Tyrii,
768 748 798 799 te
812 749 935 817 propter
948 741 1077 800 eundem

398 833 570 892 Exstinctus
584 832 681 909 pudor
695 842 733 905 et,
748 851 808 908 qua
821 834 885 892 sola
899 833 996 893 sidera
1009 834 1138 907 adibam,

398 928 490 986 Fama
503 924 589 1003 prior.
633 925 690 984 Cui
704 944 752 984 me
766 926 975 986 moribundam
989 928 1108 1001 deseris,
1123 928 1257 1005 hospes?
1295 968 1299 976 =

398 1020 470 1078 Hoc
484 1019 580 1078 solum
595 1035 706 1077 nomen
720 1019 861 1094 quoniam
875 1019 914 1079 de
928 1020 1054 1099 conjuge
1068 1030 1168 1082 restat.

397 1111 480 1185 Quid
494 1112 613 1170 moror?
654 1112 704 1169 An
718 1129 786 1171 mea
801 1112 976 1189 Pygmalion
991 1113 1062 1171 dum
1076 1114 1196 1173 moenia
1209 1113 1301 1174 frater
1340 1139 1377 1178 aas

398 1204 548 1276 Destruat,
564 1212 615 1263 aut
628 1213 746 1279 captam
760 1203 850 1263 ducat
863 1204 1009 1265 Gaetulus
1025 1206 1149 1266 Iarbas?

398 1293 511 1353 Saltem
526 1294 551 1353 si
566 1312 625 1370 qua
638 1293 712 1351 mihi
726 1293 765 1353 de
779 1303 810 1353 te
825 1304 964 1371 suscepta
978 1295 1082 1355 fuisset

398 1389 479 1445 Ante
493 1387 592 1465 sugam
607 1386 737 1459 suboles,
753 1385 777 1445 si
792 1386 859 1463 quis
872 1387 946 1446 mihi
960 1388 1100 1466 parvulus
1114 1389 1183 1450 aula

397 1480 528 1539 Luderet
543 1482 672 1552 Aeneas,
688 1477 739 1555 qui
753 1490 783 1539 te
798 1490 898 1540 tamen
913 1501 965 1541 ore
978 1482 1109 1556 referret,

287 1648 294 1663 ‚
397 1574 469 1632 Non
484 1573 623 1650 equidem
637 1573 762 1633 omnino
776 1584 865 1651 capta
878 1594 914 1635 ac
929 1576 1048 1636 deserta
1060 1576 1186 1636 viderer.
1341 1599 1380 1639 ³³0

438 1666 568 1725 Dixerat
613 1666 670 1724 Ille
684 1666 767 1742 Jovis
781 1667 903 1727 monitis
918 1668 1041 1728 immota
1055 1669 1179 1729 tenebat

397 1760 533 1832 Lumina,
549 1768 580 1818 et
593 1758 721 1819 obnixus
736 1779 837 1820 curam
851 1762 906 1821 sub
921 1762 1010 1821 corde
1024 1761 1187 1838 premebat.

396 1853 534 1912 Tandem
548 1871 644 1929 pauca
658 1853 764 1913 refert:
786 1856 851 1933 Ego
865 1864 903 1927 te,
920 1873 997 1932 quae
1011 1854 1138 1931 plurima
1151 1851 1244 1913 fando

398 1948 579 2005 Enumerare
594 1947 684 2020 vales,
701 1965 872 2024 numquam,
889 1947 1015 2024 Regina,
1032 1946 1151 2026 negabo

398 2038 611 2114 Promeritam;
632 2058 689 2099 nec
702 2058 751 2099 me
765 2040 938 2099 meminisse
952 2040 1067 2119 pigebit
1081 2040 1205 2112 Elissae,
1299 2095 1301 2099 ,
1340 2057 1386 2103 sss*

397 2134 478 2193 Dum
492 2151 608 2192 memor
621 2132 685 2210 ipse
700 2133 767 2206 mei,
783 2134 855 2192 dum
871 2132 993 2210 spiritus
1008 2133 1064 2191 hos
1079 2132 1256 2211 regitanus.

397 2228 456 2286 Pro
471 2246 503 2286 re
518 2245 613 2303 pauca
627 2226 739 2302 loquar.
783 2227 891 2301 Neque
907 2244 962 2303 ego
977 2227 1055 2285 hanc
1068 2225 1256 2285 abscondere
1269 2223 1349 2285 furto

396 2320 527 2397 Speravi,
544 2338 582 2379 ne
596 2320 684 2398 finge,
700 2318 808 2397 fugam,
825 2337 882 2377 nec
897 2317 1033 2397 conjugis
1048 2337 1191 2395 umquam

397 2411 557 2473 Praetendi
571 2412 674 2471 taedas
688 2420 739 2471 aut
752 2412 827 2470 haec
840 2411 871 2469 in
885 2411 1008 2470 foedera
1020 2409 1097 2469 veni.

397 2508 452 2566 Me
467 2506 492 2566 si
506 2505 567 2564 fata
579 2504 654 2563 meis
668 2513 839 2581 paterentur
853 2504 961 2563 ducere
975 2504 1067 2563 vitam
1341 2526 1381 2567 κο

397 2598 548 2676 Auspiciis
563 2608 593 2657 et
607 2606 714 2673 sponte
729 2616 797 2657 mea
811 2614 993 2674 componere
1007 2615 1102 2670 curas,

397 2692 513 2751 Urbem
528 2691 690 2766 Trojanam
703 2689 832 2767 primurn
847 2691 1008 2766 dulcesque
1023 2707 1157 2750 meorum

397 2784 553 2861 Reliquias
567 2784 705 2856 colerem,
722 2781 829 2842 Priami
844 2793 924 2843 tecta
938 2782 998 2842 alta
1012 2791 1174 2857 manerent,

398 2880 437 2937 Et
451 2875 685 2937 recidiva-manu
700 2876 868 2953 posuissem
883 2878 1030 2954 Pergama
1043 2874 1136 2935 victis

398 2969 460 3029 Sed
474 2988 554 3028 nunc
569 2969 687 3028 Italiam
701 2988 839 3045 magnam
854 2971 993 3048 Gryneus
1009 2969 1127 3046 Apollo,

398 3060 516 3120 ltaliam
531 3060 640 3138 Lyciae
658 3061 774 3139 jussere
787 3080 945 3137 capessere
959 3070 1076 3136 sortes;

398 3153 461 3213 Hic
475 3172 566 3226 amor,
582 3153 657 3212 haec
670 3152 766 3230 patria
779 3162 834 3212 est
878 3153 911 3213 Si
925 3164 954 3213 te
970 3154 1165 3231 Karthaginis
1179 3172 1273 3228 arces,

398 3246 603 3318 Phoenissam,
620 3246 809 3325 Libycaeque
823 3246 984 3323 adspectus
999 3247 1114 3306 detinet
1128 3246 1218 3321 urbis,

397 3340 485 3413 Quae
499 3340 630 3413 tandem,
646 3340 783 3399 Ausonia
796 3340 932 3399 Teucros
945 3340 1101 3400 considere
1117 3350 1201 3414 terra,

398 3432 518 3492 Invidia
530 3435 596 3491 est?
638 3434 678 3491 Et
690 3451 747 3492 nos
762 3432 807 3492 fas
821 3442 924 3493 extera
936 3449 1080 3509 quaerere
1093 3451 1194 3512 regna
1209 3438 1217 3507 l

399 3527 452 3585 Me
466 3524 557 3601 patris
571 3525 732 3598 Anchisae,
748 3526 866 3601 quoties
880 3524 1072 3585 humentibus
1086 3524 1200 3586 umbris
1306 3577 1308 3584 ⁴

398 3620 469 3679 Nox
483 3617 580 3695 operit
593 3627 696 3691 terras,
711 3618 829 3693 quoties
843 3628 923 3679 astra
935 3616 1024 3696 ignea
1039 3627 1171 3697 surgunt,

398 3711 552 3771 Admonet
566 3710 597 3769 in
612 3709 725 3770 somnis
740 3720 770 3769 et
783 3710 903 3770 turbida
916 3720 1008 3770 terret
1020 3710 1140 3789 imag03

398 3805 452 3864 Me
465 3822 539 3881 puer
553 3803 702 3863 Ascanius
716 3802 879 3879 capitisque
895 3802 1000 3882 injuria
1013 3789 1083 3877 cari,

398 3897 497 3971 Quem
511 3915 605 3975 regno
620 3896 786 3972 Hesperiae
800 3895 906 3955 fraudo
920 3905 951 3956 et
964 3894 1104 3957 fatalibus
1118 3895 1205 3957 arvis

397 3991 428 4049 N
429 4007 489 4051 unc
502 3988 592 4050 etiam
606 3988 751 4067 interpres
765 3988 876 4064 divum,
891 3990 967 4067 Jove
979 3989 1091 4051 missus
1104 3989 1143 4050 ab
1156 3989 1273 4067 ipso-
