3550 4859
406 529 446 601 84
635 576 638 582 i
722 542 748 585 Ρ.
767 544 900 587 VIRGlLlI
923 545 1066 590 MARONIS

405 690 620 763 Terrarumque
635 686 709 748 velis
723 707 831 763 curam,
848 700 878 749 et
892 699 922 749 te
936 690 1081 750 maximus
1096 689 1176 752 orbis

405 783 567 840 Auctorem
581 782 696 858 frugum
710 792 982 860 tempestatumque
997 794 1151 861 potentem

404 873 549 951 Accipiat,
565 873 687 951 cingens
701 885 834 935 materna
847 886 983 951 tempora
996 887 1101 954 myrto,

405 969 454 1026 An
469 966 542 1048 deus
557 965 694 1026 immensi
706 968 809 1028 venias
822 967 974 1043 maris,ac
987 978 1040 1030 tua
1053 978 1163 1056 nautae
1206 1035 1209 1040 ,
1276 1013 1279 1020 ·

405 1058 538 1119 Numina
551 1059 615 1118 sola
628 1060 737 1134 colant,
753 1057 807 1119 tibi
822 1059 929 1121 serviat
943 1060 1047 1123 ultima
1060 1061 1166 1136 Thule,
1200 1051 1206 1072 ⁵

404 1153 508 1229 Teque
523 1151 579 1211 sibi
593 1172 734 1231 generum
749 1154 861 1231 Tethys
876 1166 956 1214 emat
971 1156 1110 1215 omnibns
1124 1153 1222 1230 undis,

403 1247 492 1305 Anne
506 1264 616 1306 novum
631 1246 722 1305 tardis
736 1245 817 1305 sidus
831 1257 861 1308 te
875 1247 1028 1307 mensibus
1041 1248 1145 1321 addas,

403 1339 472 1412 Qua
486 1338 569 1398 locus
584 1338 734 1417 Erigonen
749 1339 825 1399 inter
839 1340 1009 1417 Chelasque
1026 1351 1186 1418 sequentes

404 1430 566 1506 Panditur3
587 1430 651 1509 ipse
666 1432 721 1491 tibi
732 1432 794 1511 jam
809 1432 931 1492 brachia
944 1432 1093 1493 contrahit
1107 1433 1215 1493 ardens
1270 1461 1274 1482 ·

402 1522 550 1600 Scorpios,
566 1535 595 1584 et
609 1526 686 1585 coeli
697 1526 777 1604 justa
791 1527 858 1602 plus
872 1537 956 1604 parte
970 1526 1107 1603 reliquit,

406 1615 561 1693 Quidquid
575 1618 639 1692 eris,
650 1638 769 1678 -nam
783 1630 813 1678 te
827 1638 884 1680 nec
899 1629 1017 1696 sperant
1032 1620 1155 1680 Tartara
1168 1637 1278 1698 regem,

406 1710 471 1768 Nec
486 1709 539 1769 tibi
553 1710 697 1788 regnandi
709 1710 809 1773 veniat
822 1722 885 1772 tam
899 1712 963 1772 dira
975 1710 1106 1795 cupid03

405 1802 548 1876 Quamvis
564 1804 680 1881 Elysios
694 1805 814 1865 miretur
824 1803 952 1866 Graecia
964 1823 1096 1882 campos,

402 1895 432 1952 N
434 1913 469 1954 ec
482 1895 607 1972 repetita
620 1896 704 1973 sequi
718 1907 800 1958 curet
814 1896 992 1975 Proserpina
1004 1907 1181 1958 matrem-.-

402 1988 451 2047 Da
465 1988 582 2050 facilem
596 2008 723 2065 cursum,
737 2003 828 2068 atque
842 1990 1006 2053 audacibus
1020 1991 1120 2052 adnue
1136 1988 1263 2068 coeptis
1376 2065 1380 2074 Ι

401 2082 587 2159 Ignarosque
600 2082 666 2143 viae
680 2102 798 2144 mecum
811 2083 966 2144 miseratus
980 2094 1110 2161 agrestes

401 2175 570 2251 Ingredere,
587 2185 617 2235 et
630 2176 709 2237 votis
720 2178 783 2255 jam
797 2195 877 2236 nunc
892 2177 1036 2238 adsuesce
1050 2174 1159 2238 vocari.
1253 2253 1256 2258 Ι

440 2268 519 2328 Vere
533 2287 622 2342 novo,
636 2268 753 2345 gelidus
767 2269 850 2330 canis
865 2289 957 2347 quum
972 2268 1123 2331 montibus
1136 2269 1245 2331 humor

401 2358 537 2436 Liquitur
551 2370 581 2421 et
594 2362 729 2440 Zephyro
743 2362 836 2439 putris
850 2382 883 2424 se
896 2363 1004 2440 glaeba
1016 2362 1146 2437 resolvit,

401 2453 553 2530 Depresso
568 2454 690 2533 incipiat
700 2456 764 2534 jam
777 2465 841 2516 tum
855 2454 929 2515 mihi
943 2467 1042 2517 taurus
1057 2465 1155 2516 aratro

401 2545 565 2623 Ingemere,
581 2559 611 2607 et
626 2549 710 2608 sulco
723 2548 838 2610 attritus
852 2549 1061 2626 splendescere
1075 2565 1186 2608 vomer.

400 2639 458 2699 Illa
472 2658 556 2718 seges
569 2641 691 2701 demum
704 2640 782 2701 votis
795 2641 958 2718 respondet
971 2640 1051 2702 avari
1230 2713 1233 2718 ¹

398 2731 564 2808 Agricolae,
579 2733 627 2794 bis
641 2754 718 2811 quae
732 2735 835 2807 solem,
850 2732 897 2794 bis
911 2734 1018 2811 frigora
1032 2732 1144 2809 sensit,·

400 2824 483 2885 Illius
497 2824 659 2888 immensae
673 2838 815 2905 ruperunt
828 2828 935 2888 horrea
947 2846 1067 2888 messes.

397 2919 439 2977 At
453 2918 532 2995 prius
547 2918 681 2996 ignotum
694 2922 772 2981 ferro
787 2939 877 2998 quam
892 2918 1054 2981 scindimus
1068 2936 1189 2998 aequor,

355 3015 357 3022 ‘
398 3011 515 3071 Ventos
529 3023 559 3072 et
572 3012 686 3072 varium
700 3012 777 3073 coeli
791 3012 978 3090 praediscere
991 3030 1106 3074 morem
1355 3077 1360 3088 ,

399 3104 479 3164 Cura
492 3103 529 3165 sit
543 3124 579 3166 ac
592 3106 704 3183 patrios
718 3107 874 3183 cultusque
888 3105 1067 3182 habitusque
1081 3106 1225 3180 locorum,
1258 3185 1262 3190 ι

399 3199 438 3257 Et
453 3197 525 3274 qnid
539 3218 675 3276 quaeque
689 3200 764 3260 serat
776 3198 857 3277 regio
879 3198 996 3277 etquid
1010 3216 1146 3277 quaeque
1159 3204 1284 3258 recuset.

398 3290 461 3350 Hic
476 3301 598 3369 segetes,
614 3292 675 3352 illic
688 3291 812 3353 veniunt
824 3291 940 3355 felicius
954 3311 1049 3367 uvae;

396 3384 523 3444 Arborei
537 3384 612 3445 fetus
626 3384 706 3459 alibi,
718 3394 812 3463 ‘atque
826 3385 939 3465 injussa
952 3383 1101 3446 virescunt

391 3478 546 3537 Gramina
590 3480 701 3540 Nonne
715 3479 807 3553 vides,
822 3497 945 3540 croceos
958 3489 993 3540 ut
1006 3478 1133 3540 Tmolus
1147 3473 1265 3550 odores,
1360 3559 1363 3564 .

398 3570 486 3630 India
500 3570 590 3631 mittit
603 3572 685 3644 ebur,
700 3572 806 3632 molles
820 3591 875 3632 sua
887 3583 952 3638 tura
965 3571 1081 3645 Sabaei,

397 3667 439 3723 At
454 3663 602 3743 Chalybes
616 3663 689 3724 nudi
702 3666 819 3739 sermm,
834 3665 990 3743 virosaque
1004 3667 1121 3726 Pontus

397 3758 548 3831 Castorea,
564 3758 703 3818 Eliadum
715 3759 830 3835 palmas
845 3758 952 3835 Epiros
965 3760 1128 3835 equarum?

398 3850 551 3910 Continuo
564 3850 618 3911 has
632 3851 712 3928 leges
726 3861 905 3928 aeternaque
919 3852 1040 3922 foedera
1053 3851 1141 3912 certis
1238 3924 1241 3928 ¹
1351 3817 1366 3928 ,Ι

398 3943 544 4021 Imposuit
557 3953 663 4005 namra
675 3942 758 4019 locis,
773 3962 834 4042 quo
848 3954 981 4021 tempore
995 3942 1122 4021 primum
