3550 4859
430 939 854 1042 P.V1RG1L11
894 881 1250 1037 Mauortis

600 1182 878 1286 uueoucorr
903 1216 1055 1286 arear.

785 1420 885 1459 ..0-

699 1576 912 1640 ECLOGA
940 1579 973 1637 Ι.

740 1742 927 1800 TITYRUS.

648 1896 836 1942 umuorus
878 1894 1020 1941 rimus
1138 1958 1141 1962 .

749 2031 915 2071 aestuosus
1008 2049 1010 2053 -

300 2163 306 2173 ,
340 2102 476 2175 Trerus,
491 2110 523 2161 tu
537 2101 656 2179 patulae
669 2102 815 2161 recubans
829 2100 884 2159 sub
899 2096 1029 2177 tegmine
1041 2098 1101 2179 sagi

341 2194 515 2255 Silvestrem
528 2193 611 2254 tenui
625 2195 746 2253 Musam
759 2190 911 2253 meditaris
926 2211 1040 2268 avena3

341 2289 411 2347 Nos
425 2286 536 2365 patriae
550 2288 624 2347 lines
638 2297 669 2348 et
682 2285 783 2347 dulcia
795 2284 956 2362 linquimus
970 2304 1057 2346 arva:

341 2381 410 2439 Nos
424 2380 548 2457 patriam
561 2378 707 2457 sugimus3
726 2389 767 2453 tu,
782 2377 894 2456 tityre,
909 2378 1007 2439 lentos
1020 2379 1053 2438 in
1063 2379 1173 2442 'umbra

342 2474 518 2533 Formosam
530 2489 668 2533 resonare
682 2470 775 2533 doces
789 2471 972 2549 Amaryllida
986 2471 1082 2533 silvas.
1310 2505 1322 2543 ς
1411 2534 1414 2541 ,

766 2589 894 2630 rrrrrua

341 2660 373 2719 0
389 2658 550 2732 Meliboee,
565 2658 639 2719 deus
653 2656 742 2718 nobis
755 2657 830 2718 haee
844 2656 906 2717 otia
918 2656 996 2717 fecit

341 2754 482 2829 Namque
495 2751 550 2811 erit
564 2752 613 2812 ille
626 2750 699 2811 mihi
714 2769 831 2829 semper
843 2750 938 2825 deus3
957 2748 1033 2810 illius
1047 2768 1128 2811 aram

341 2848 438 2923 Saepe
452 2856 536 2906 tener
549 2843 657 2905 nostris
671 2846 710 2905 ab
723 2840 850 2905 ovilibus
863 2842 978 2904 imbuet
991 2861 1091 2921 Quum

342 2940 400 3000 Ille
414 2957 495 3000 meas
509 2957 604 2999 errare
618 2939 720 3011 boves,
735 2948 768 2997 ut
782 2935 888 3009 uernis,
904 2946 934 2996 et
948 2935 1045 3013 ipsum
1067 2996 1070 3002 ,

342 3032 469 3107 Ludere,
485 3051 561 3109 quae
575 3032 690 3105 vellem,
706 3032 821 3091 calamo
834 3029 968 3108 permisit
982 3028 1095 3107 agresti.

747 3149 913 3190 ammonas.

342 3220 415 3277 Non
429 3218 568 3296 equidem
582 3217 721 3292 invideo;
741 3216 831 3277 miror
843 3216 956 3295 magis:
976 3215 1109 3293 undique
1123 3217 1193 3279 totis
1278 3205 1285 3216 ’

341 3313 450 3389 Usque
463 3312 540 3372 adeo
552 3312 686 3397 turbatur
699 3309 784 3387 agris.
828 3312 883 3384 En,
899 3309 964 3388 ipse
977 3310 1107 3387 capellas

340 3405 481 3465 Protinus
495 3424 582 3483 aeger
594 3424 651 3482 ago
662 3427 671 3480 3
691 3405 770 3463 hanc
783 3402 874 3463 etiam
886 3403 945 3477 vix,
960 3402 1070 3480 Tityre,
1086 3403 1174 3465 duco.

330 3498 405 3558 'Hic
420 3498 496 3558 inter
508 3499 617 3559 densas
630 3496 746 3575 corylos
760 3495 853 3557 modo
865 3514 995 3574 namque
1008 3496 1161 3573 gemellos,

337 3592 433 3668 Spem
445 3590 548 3669 gregis,
563 3590 619 3651 ahl
641 3589 722 3650 silice
736 3582 863 3650 ionuda
876 3588 1143 3667 connixareliquit.
1296 3622 1319 3659 15

336 3686 437 3761 Saepe
451 3685 560 3758 malum
573 3685 632 3744 hoc
647 3681 743 3757 nobis,
758 3682 783 3743 si
796 3702 882 3744 mens
896 3702 958 3743 non
972 3683 1057 3743 laeva
1071 3682 1182 3757 fuisset,

336 3780 389 3838 De
403 3778 490 3837 coelo
504 3787 598 3837 tactas
611 3775 732 3837 memini
745 3774 917 3853 praedicere
931 3795 1063 3853 quercua

334 3868 450 3951 [Saepe
464 3870 582 3931 sinistra
593 3888 668 3929 oeva
681 3868 825 3946 praedixit
839 3870 878 3931 ab
892 3868 960 3931 ilice
973 3867 1099 3951 comite]

334 3966 401 4026 Sed
416 3975 525 4038 tamen,
541 3963 595 4024 iste
610 3964 683 4023 deus
697 3961 748 4040 qui
762 3961 807 4037 sit,
823 3962 870 4037 do,
886 3961 995 4041 Tityre,
1012 3962 1106 4024 nobis„

540 4068 552 4108 s
