3550 4859
735 552 895 602 &NHDOS
916 553 975 599 HR.
997 555 1018 597 1.

398 701 440 761 At
453 699 560 760 domus
573 695 697 761 interior
708 698 804 776 regali
814 698 977 776 splendida
987 698 1059 761 nm

399 793 565 866 Instruitur‚
580 790 748 868 mediisque
761 801 867 869 parant
878 790 1018 853 convivia
1030 789 1115 853 tectis
1127 812 1135 853 r

398 887 472 954 Arte
486 885 637 945 laboratae
650 894 751 947 vestes
764 894 907 961 ostroque
920 885 1061 962 superbo,
1164 903 1168 913 ·

398 980 514 1056 Ingens
526 987 680 1057 argentum
694 976 816 1051 mensis,
831 977 1006 1054 caelataque
1019 977 1050 1038 in
1065 995 1137 1038 auro
1179 994 1182 999 ·
1339 995 1380 1045 ‘to

398 1071 501 1132 Fortia
514 1071 591 1130 facta
604 1080 731 1147 patrum,
748 1071 840 1131 series
854 1071 1030 1149 longissima
1042 1089 1140 1130 rerum

398 1168 515 1226 Pertot
529 1164 619 1223 ducta
632 1163 1047 1240 virosantiquaeahorigine
1059 1162 1167 1242 gentis
1331 1226 1334 1231 ,

439 1261 609 1318 Aeneas-
617 1276 714 1342 neque
729 1256 811 1317 enim
824 1257 938 1334 patrius
952 1256 1115 1318 consistere
1128 1264 1261 1315 mentem
1356 1280 1359 1320 ·.

398 1355 511 1417 Passus
526 1369 656 1410 amor-
665 1349 802 1428 rapidum
816 1350 856 1409 ad
869 1369 962 1422 naves
976 1349 1139 1426 praemittit
1150 1351 1297 1424 Achaten,

399 1444 532 1506 Ascanio
546 1443 621 1503 ferat
635 1443 719 1517 haec,
733 1442 1199 1519 ipsumqueadmoeniaducat3
1340 1459 1378 1511 ,tu

370 1601 373 1607 ,
398 1537 507 1600 Omnis
521 1537 553 1596 in
568 1535 699 1596 Ascanio
712 1535 773 1595 cari
786 1545 845 1596 stat
858 1554 931 1596 cura
942 1537 1083 1613 parentis

399 1633 529 1690 Munera
543 1638 705 1706 praeterea,
722 1628 822 1691 Iliacis
837 1639 941 1705 erepta
954 1628 1055 1703 uinis,

399 1725 489 1783 Ferre
509 1723 601 1798 jubet,
617 1722 728 1799 pallam
742 1721 834 1799 signis
849 1740 980 1799 auroque
993 1720 1148 1800 rigentem,

400 1819 438 1893 Et
452 1816 677 1876 circumtextum
690 1833 800 1874 croceo
812 1815 950 1875 velamen
963 1816 1101 1888 acantho,

400 1910 531 1970 Ornatus
545 1907 673 1985 Argivae
689 1908 837 1980 Helenae,
852 1908 994 1984 quosilla
1007 1907 1154 1986 Mycenis,
1340 1921 1381 1973 ts·

400 2002 543 2076 Pergama
558 2017 649 2074 quum
662 2008 778 2075 peteret
792 1998 1045 2075 inconcessosque
1060 2001 1265 2077 Hymenaeus,
1355 2040 1359 2054 .

400 2093 565 2165 Extulerat,
581 2090 683 2151 matris
697 2091 798 2151 Ledae
812 2090 948 2153 mirabile
962 2079 1093 2153 donum:

396 2188 559 2250 ,Praeterea
572 2193 731 2262 sceptrum,
748 2184 845 2245 Ilione
860 2185 944 2262 qrrod
957 2196 1090 2264 gesserat
1103 2185 1186 2262 olim,

400 2279 534 2355 Maxima
547 2288 683 2338 natarum
698 2278 815 2353 Priami,
830 2279 970 2356 colloque
984 2280 1096 2341 monile

400 2375 573 2445 Baccatum,
581 2380 615 2431 et
627 2369 782 2447 duplicem.
791 2371 920 2448 gemmis
931 2391 1063 2449 auroque
1077 2391 1225 2434 coronam.
1343 2383 1381 2435 ‘a

400 2467 489 2525 Haec
503 2464 636 2523 celerans
650 2463 705 2522 iter
718 2463 758 2522 ad
772 2483 864 2525 naves
878 2465 1022 2527 tendebat
1034 2467 1173 2526 Achates

441 2557 483 2615 At
497 2555 645 2632 Cytherea
659 2573 752 2615 novas
766 2564 853 2629 artes,
869 2575 948 2617 nova
962 2567 1084 2633 pectore
1097 2565 1195 2616 versat

401 2647 545 2721 Consilia,
561 2658 594 2725 ut
607 2646 712 2707 faciem
726 2658 857 2708 mutatus
871 2658 902 2709 et
916 2667 969 2711 ora
982 2650 1103 2726 Cupido

401 2743 461 2803 Pro
476 2740 557 2800 dulci
571 2738 702 2801 Ascanio
716 2739 826 2814 veniat,
841 2741 990 2818 donisque
1003 2742 1150 2801 furentem
1184 2780 1187 2789 ι

401 2834 552 2895 Incendat
565 2833 706 2911 reginam,
721 2843 811 2910 atque
823 2834 944 2897 ossibus
957 2834 1090 2913 implicet
1102 2834 1223 2913 ignem3
1337 2845 1384 2887 aas

401 2929 523 3007 Quippe
538 2927 660 2987 domurn
672 2927 759 2989 timet
771 2927 946 3008 ambiguam
957 2930 1123 3009 Tyriosque
1136 2927 1306 3007 bilingues3
1351 2970 1359 3012 ς

402 3021 473 3083 Urit
485 3031 570 3080 atrox
581 3023 670 3097 Juno,
686 3031 716 3080 et
730 3021 786 3081 sub
801 3031 924 3083 noctem
936 3041 1007 3083 cura
1020 3031 1158 3083 recursat

402 3115 483 3193 Ergo
498 3113 545 3172 his
559 3113 700 3191 aligerum
714 3114 802 3174 dictis
816 3116 923 3178 affatur
936 3118 1097 3177 Amorem:

401 3208 492 3280 Nate,
506 3225 589 3265 meae
603 3206 689 3280 vires,
706 3226 774 3267 mea
787 3227 896 3286 magna
909 3207 1047 3285 putentia
1058 3208 1148 3280 solus,
1196 3242 1198 3247 ·
1350 3252 1352 3265 .

401 3301 491 3373 Nate,
506 3298 600 3377 prauis
612 3300 721 3361 sumni
736 3300 788 3378 qui
802 3302 862 3363 tela
876 3299 1015 3379 Typhoia
1027 3299 1145 3372 temnis,
1191 3314 1194 3318 “
1346 3310 1385 3362 «a

402 3391 452 3451 Ad
468 3401 496 3451 te
511 3390 649 3470 confugio
664 3403 695 3453 et
709 3394 835 3471 supplex
849 3402 903 3457 trra
915 3392 1038 3453 munina
1051 3410 1153 3469 posco
1169 3450 1171 3456 ,
1233 3396 1236 3400 ’

402 3486 507 3544 Frater
520 3487 689 3553 utheneas
702 3488 811 3564 pelago
826 3497 895 3547 tuus
909 3485 1011 3547 omna
1022 3484 1134 3546 ercan

402 3577 506 3638 Litora
524 3578 651 3663 jactetur
664 3580 743 3641 odiis
755 3579 885 3655 Junonis
898 3577 1026 3654 iniquae,

399 3672 485 3753 blata
499 3670 563 3745 tibi,
580 3682 727 3735 et-nostro
742 3672 865 3733 doluisti-
877 3689 969 3751 saepe
982 3671 1094 3735 dolore
1254 3718 1257 3723 ·
1355 3696 1359 3737 t

381 3771 384 3778 '
403 3765 498 3824 Hunc
514 3765 681 3827 Phoenissa
694 3774 777 3825 tenet
792 3765 873 3826 Dido
885 3764 1066 3840 blandisque
1079 3772 1209 3823 moratur
1348 3776 1387 3827 *ιο

402 3855 540 3918 Vocibus
551 3881 561 3933 ;
581 3868 612 3917 et
624 3876 739 3931 vereor,
753 3876 814 3933 quo
827 3875 862 3919 se
874 3856 1007 3934 Junonta
1019 3865 1137 3917 venant

404 3951 570 4029 Hospitla3
590 3949 669 4009 haud
684 3959 770 4011 tantu
782 3949 913 4014 cessabit
925 3948 1047 4019 esrrtim
1061 3966 1166 4009 rerum.
