3550 4859
395 554 454 621 206
711 568 737 611 a.
756 568 891 614 rrnourr
912 566 1056 616 umus

396 713 458 776 Hic
469 712 587 793 juvenis
600 714 661 791 jam
675 712 771 774 victor
784 732 878 773 ovans
892 712 1015 789 vestigia
1028 729 1132 789 presso

396 808 489 868 Haud
504 807 599 867 tenuit
614 806 740 866 titubata
752 806 826 880 solo,
842 805 896 865 sed
910 824 1021 881 pronus
1036 805 1147 883 inipso

397 900 538 961 Concidit
552 899 767 975 immundoque
779 900 852 958 fimo
866 916 1011 974 sacroque
1023 915 1139 975 cruore,

396 996 467 1054 Non
482 1004 582 1053 tamen
598 992 726 1069 Euryali,
742 1011 803 1052 non
818 991 869 1051 ille
883 991 993 1056 oblitus
1008 1009 1162 1067 amorum3

397 1088 476 1146 Nam
491 1104 557 1145 sese
571 1085 713 1162 opposuit
726 1084 807 1145 Salio
821 1103 874 1161 per
888 1084 1002 1145 lubrica
1015 1101 1159 1161 surgens,

397 1181 454 1240 ille
469 1189 576 1240 autem
582 1178 679 1255 spissa
688 1178 783 1256 jacuit
795 1178 947 1238 revolutus
961 1196 1059 1238 arena.

397 1273 513 1333 Emicat
528 1272 681 1348 Euryalus,
698 1282 728 1331 et
741 1288 863 1331 munere
877 1270 972 1330 victor
985 1270 1074 1331 amici

397 1370 497 1429 Prima
512 1378 601 1441 tenet,
617 1369 782 1445 plausaque
795 1368 877 1427 volat
891 1367 1069 1443 fremituque
1083 1365 1223 1429 secundo.

397 1466 471 1523 Post
486 1464 633 1540 Helymus
648 1461 736 1534 subit,
751 1470 781 1521 et
795 1480 875 1521 nunc
889 1461 977 1521 tertia
989 1462 1090 1538 palma
1103 1461 1219 1523 Diores.

398 1556 460 1615 Hic
474 1565 569 1615 totum
583 1572 692 1614 oeveae
706 1572 880 1614 consessum
894 1554 1022 1631 ingentis
1035 1564 1067 1615 et
1079 1572 1133 1616 ora

398 1649 497 1708 Prima
510 1657 628 1724 patrum
642 1647 758 1724 magnis
771 1647 866 1708 Salius
880 1646 1059 1708 clamoribus
1073 1647 1184 1724 implet,

398 1744 598 1819 Ereptumque
613 1741 685 1800 dolo
700 1741 785 1800 reddi
798 1740 856 1801 sibi
870 1741 967 1817 poscit
980 1742 1135 1802 honorem.

397 1831 524 1895 Tutatur
537 1834 621 1893 lavor
634 1834 803 1911 Euryalum,
819 1834 1017 1910 lacrimaeque
1029 1835 1166 1907 decorae,

397 1926 517 1988 Gratior
530 1937 561 1987 et
573 1927 699 2004 pulchro
713 1927 837 1988 veniens
852 1928 881 1985 in
897 1946 1022 2004 corpore
1036 1926 1136 1988 virtus.

397 2021 529 2099 Adjuvat
543 2031 573 2079 et
587 2039 695 2097 magna
708 2021 874 2097 proclamat
886 2039 962 2081 voce
976 2021 1095 2093 Diores,

298 2115 300 2117 ’
396 2112 459 2187 Qui
474 2112 563 2173 subiit
577 2114 883 2190 palmae-frustraque
898 2114 936 2174 ad
951 2113 1083 2189 praemia
1095 2110 1177 2173 venit

397 2205 522 2280 Ultima,
537 2206 563 2267 si
577 2206 663 2283 primi
678 2206 760 2267 Salio
773 2207 936 2269 reddantur
949 2207 1085 2267 honores

397 2301 475 2359 Tum
489 2310 573 2377 pater
587 2302 714 2374 Aeneas,
730 2301 847 2373 Vestra,
863 2299 968 2379 inquit,
984 2318 1108 2362 munera
1120 2298 1207 2362 vobis

399 2394 488 2453 Certa
500 2403 629 2467 manent,
645 2392 738 2472 pueri,
753 2404 783 2454 et
796 2394 927 2470 palmam
941 2403 1041 2454 movet
1055 2392 1160 2455 ordine
1174 2410 1284 2468 nemo,·

292 2508 296 2516 ·
399 2488 453 2546 Me
466 2486 554 2546 liceat
568 2505 654 2546 casus
669 2485 799 2546 miserari
813 2486 939 2547 insontis
954 2484 1050 2546 amici.

397 2579 446 2640 Sic
459 2580 537 2639 fatus
552 2590 665 2657 tergum
680 2581 799 2640 Gaetuli
814 2580 944 2642 immane
959 2578 1055 2640 leonis

398 2673 460 2732 Dat
473 2673 561 2747 Salio,
576 2672 654 2733 villis
667 2691 828 2733 onerosum
841 2672 1094 2751 atqueunguibus
1108 2671 1212 2735 aureis.

399 2767 460 2826 Hic
475 2767 574 2840 Nisus,
591 2765 622 2826 Si
637 2776 728 2840 tanta,
744 2766 848 2843 inquit,
864 2777 934 2827 sunt
947 2766 1079 2843 praemia
1091 2765 1186 2841 victis,

398 2861 437 2919 Et
451 2870 480 2919 te
495 2860 643 2936 lapsomm
656 2861 784 2933 miseret,
800 2878 877 2936 quae
890 2878 1015 2920 munera
1029 2859 1105 2920 Niso

399 2953 498 3031 Digna
511 2953 605 3028 dabis,
620 2953 746 3030 primam
759 2953 853 3013 merui
867 2952 919 3030 qui
932 2953 1021 3016 laude
1034 2972 1184 3028 coronam,

396 3046 439 3106 Ni
453 3066 509 3120 me,
526 3066 602 3123 quae
619 3046 739 3120 Salium,
753 3048 871 3108 fortuna
884 3046 1004 3108 inimica
1017 3045 1151 3108 tulisset?

398 3142 437 3200 Et
452 3140 540 3199 simul
554 3139 600 3199 his
613 3139 702 3200 dictis
715 3141 822 3201 faciem
835 3143 1006 3202 ostentabat
1019 3151 1050 3201 et
1063 3141 1125 3202 udo

397 3234 511 3310 Turpia
524 3235 657 3293 membra
670 3234 748 3293 fimo.
792 3234 872 3293 Risit
885 3246 970 3312 pater
984 3235 1114 3311 optimus
1127 3233 1189 3308 olli,

398 3327 438 3386 Et
451 3325 579 3403 clipeum
593 3325 689 3386 efferri
701 3326 798 3402 jussit,
814 3326 1013 3404 Didymaonis
1027 3338 1113 3401 artes,

398 3418 532 3496 Neptuni
546 3438 631 3479 sacro
645 3419 759 3479 Danais
773 3420 812 3480 de
826 3431 914 3497 poste
928 3420 1059 3481 relisum.
1296 3466 1298 3469 .
1340 3438 1378 3488 ,so

399 3514 471 3575 Hoc
483 3514 624 3589 juvenem
637 3511 786 3589 egregium
799 3514 962 3590 praestanti
976 3532 1098 3573 munere
1112 3512 1214 3573 donat.

331 3611 337 3623 ‘
438 3607 519 3678 Post,
535 3603 586 3665 ubi
599 3605 729 3666 confecti
743 3624 853 3679 cursus,
869 3617 900 3666 et
914 3606 995 3666 dona
1008 3604 1139 3683 peregit:

398 3700 497 3772 Nunc,
512 3698 539 3757 si
553 3697 600 3758 cui
614 3698 706 3759 virtus
720 3697 896 3775 animusque
911 3698 943 3758 in
956 3709 1077 3775 pectore
1092 3715 1243 3776 praesens,

397 3791 494 3865 Adsit,
511 3802 541 3851 et
555 3790 679 3851 evinctis
693 3792 809 3852 attollat
823 3790 944 3860 brachia
957 3792 1071 3869 palmis

399 3884 449 3945 Sic
462 3884 503 3945 ait
516 3895 547 3945 et
559 3886 710 3962 geminum
724 3904 841 3962 pugnae
854 3884 995 3963 proponit
1008 3886 1162 3960 honorem,
1339 3900 1377 3951 s⁶a

393 3977 515 4040 Victori
524 3978 744 4040 uelatum-aruo·
752 3977 894 4056 vittisque
903 3978 1075 4059 juvenem
