3550 4859
451 561 484 601 12
598 559 601 566 “
784 556 810 601 P.
832 557 934 602 ovmlr
954 555 1090 601 annom
1111 563 1115 568 '
1160 595 1161 600 ,

448 704 519 762 Non
533 701 624 763 darel
667 703 829 777 Confiteor,
845 704 943 763 solurn
956 704 1016 763 hoc
1029 702 1093 776 tibi,
1107 711 1186 775 nate,
1201 719 1348 779 negarem

448 795 630 856 Dissuadere
644 796 732 862 lioet¹
765 798 837 856 Nou
851 806 899 858 est
910 805 964 856 tua
975 806 1041 856 tuta
1052 796 1198 856 voluntas.

448 891 562 966 Magna
574 888 660 965 petis,
677 889 843 963 Phaethon,
858 899 891 949 et
904 908 981 966 quae
994 907 1052 949 nec
1065 888 1175 949 viribus
1188 888 1255 949 istis

448 984 576 1042 Munera
589 982 772 1042 conveniunt
785 1001 842 1042 nec
856 992 919 1042 tam
933 981 1094 1059 puerilibus
1107 981 1202 1042 anuis.
1400 1005 1426 1046 ss

447 1078 517 1137 Sors
531 1086 582 1136 tua
596 1076 747 1135 mortalis:
768 1093 830 1135 nou
845 1086 891 1136 est
905 1066 1038 1150 mortale,
1053 1076 1135 1151 quod
1150 1086 1246 1152 optas.

448 1170 519 1228 Plus
534 1167 633 1241 etiam,
649 1185 740 1244 quam
753 1168 837 1243 quod
851 1168 964 1245 superis
977 1167 1150 1245 contingere
1162 1169 1208 1228 fas
1222 1177 1277 1242 est,

449 1261 576 1322 Nescius
589 1262 718 1321 affectas
762 1262 884 1321 Placeat
896 1260 953 1321 sibi
968 1260 1093 1337 quisque
1106 1260 1228 1337 licebit3

449 1358 521 1414 Non
535 1365 636 1415 tamen
651 1353 775 1431 ignifero
789 1352 948 1430 quisquam
962 1352 1123 1414 consistere
1135 1353 1168 1413 in
1181 1371 1239 1414 axe

411 1469 414 1474 ·
448 1450 503 1507 Me
517 1448 597 1507 valet
611 1457 747 1523 excepto.
783 1445 869 1505 Vasti
882 1464 1004 1523 quoque
1016 1456 1114 1507 rector
1127 1445 1259 1524 Olympi,

449 1541 510 1617 Qui
524 1542 587 1601 sera
600 1539 722 1601 terribili
734 1540 882 1617 jaculatur
894 1538 1020 1599 fulmina
1032 1540 1144 1613 dextra,

449 1637 479 1694 N
481 1653 521 1694 on
535 1634 673 1711 agathos
687 1649 806 1718 currus:
827 1643 857 1693 et
871 1632 943 1709 quid
956 1634 1033 1709 Jove
1046 1634 1143 1709 majus
1156 1632 1325 1695 habemus?

449 1728 553 1788 Ardua
566 1726 663 1803 prima
674 1725 724 1786 via
737 1737 787 1786 est
796 1736 827 1787 et
840 1744 901 1802 qua
913 1724 963 1785 vix
975 1743 1064 1785 mane
1080 1735 1217 1787 recentes

449 1819 610 1881 Euituntur
623 1818 701 1896 equi.
744 1818 851 1879 Medio
865 1828 911 1878 est
924 1817 1189 1894 altisaimacoe103

450 1914 542 1975 Unde
556 1932 638 1973 mare
653 1923 683 1973 et
697 1922 788 1972 terras
801 1910 859 1989 ipsi
872 1910 946 1971 mihi
960 1929 1050 1989 saepe
1063 1910 1164 1972 videre

449 2007 499 2067 Fit
512 2006 610 2080 timor,
626 2015 657 2065 et
670 2004 780 2084 pavida
792 2004 921 2082 trepidat
933 2004 1091 2065 formidine
1105 2014 1219 2082 pectus

449 2099 566 2162 Ultima
579 2118 675 2177 prona
688 2089 737 2158 via
749 2108 803 2172 est,
819 2108 850 2158 et
863 2109 932 2175 eget
944 2097 1148 2158 moderamine
1161 2107 1253 2158 certo.

449 2196 537 2254 Tunc
551 2192 650 2267 etiam,
665 2210 742 2268 quae
756 2210 806 2252 me
820 2190 963 2268 subjectis
977 2190 1087 2269 excipit
1101 2191 1198 2266 undis,

450 2290 499 2348 Ne
513 2288 589 2347 ferar
601 2284 633 2345 in
646 2303 798 2362 praeceps,
813 2285 928 2363 Tethys
941 2285 1018 2345 solet
1031 2283 1097 2361 ipsa
1108 2284 1211 2346 vereri.

449 2379 540 2441 Adde
554 2379 636 2457 quod
650 2378 770 2439 assidua
782 2376 895 2455 rapitur
907 2377 1050 2455 vertigine
1064 2379 1193 2453 coelum,

384 2538 387 2543 ,
451 2473 616 2550 Sideraque
630 2473 690 2531 alta
704 2470 793 2531 trahit
806 2470 955 2547 celerique
968 2470 1119 2531 volumine
1133 2480 1260 2547 torquet.

451 2566 540 2627 Nitor
553 2566 584 2625 in
598 2566 764 2639 adversum,
779 2583 836 2625 nec
849 2583 908 2638 me,
924 2562 974 2641 qui
989 2574 1096 2637 cetera,
1110 2561 1204 2624 vincit

451 2665 595 2741 Impetus,
611 2673 641 2722 et
655 2659 761 2738 rapido
774 2659 940 2721 contrarius
952 2660 1064 2721 evehor
1077 2658 1151 2721 orbi

451 2755 545 2833 Finge
559 2756 646 2816 datos
658 2772 768 2816 cumrs.
811 2752 894 2829 Quid
907 2755 997 2830 ages?
1037 2751 1193 2814 Poterisne
1204 2750 1309 2814 rotatis

451 2848 566 2910 Obvius
579 2847 622 2908 ire
635 2846 722 2925 polis,
736 2865 777 2907 ne
790 2856 821 2906 te
834 2846 912 2906 citus
925 2846 1037 2907 auferat
1051 2844 1135 2907 axis?

452 2942 589 3003 Forsitan
603 2951 634 3001 et
647 2941 731 3000 lucos
745 2939 807 2999 illic
819 2941 968 3015 urbesque
981 2939 1106 2999 deorum

451 3034 613 3113 Concipias
628 3032 729 3093 auimo
742 3033 927 3109 delubraque
941 3031 1015 3092 ditia
1026 3031 1116 3092 donis

452 3130 534 3189 Esse.
577 3129 635 3187 Per
648 3125 770 3186 iusidias
783 3125 840 3186 iter
852 3135 899 3186 est
910 3125 1083 3201 formasque
1096 3126 1233 3187 serarum.

452 3223 556 3297 thue
570 3219 649 3280 viam
662 3229 765 3280 teneas
779 3218 924 3295 nulloque
938 3236 1034 3278 errore
1048 3218 1181 3292 traharis,

452 3316 511 3374 Per
523 3324 625 3374 tamen
637 3311 754 3373 adversi
766 3310 909 3389 gradieris
922 3330 1035 3371 oornua
1047 3310 1148 3385 Tauri,

452 3405 701 3482 Haemoniosque
715 3423 811 3479 arcus,
826 3403 1011 3481 violentique
1024 3422 1078 3464 ora
1091 3403 1213 3479 leonis,
1230 3423 1232 3426 ’

366 3568 369 3574 ,
451 3501 605 3576 Saevaque
619 3497 742 3559 circuitu
756 3508 930 3559 curvantem
943 3496 1066 3558 brachia
1079 3498 1172 3574 longo

452 3592 606 3669 Scorpion,
622 3600 712 3667 atque
726 3590 811 3652 aliter
823 3601 996 3653 curvantem
1009 3589 1132 3651 brachia
1147 3592 1306 3652 Cancrum.

453 3687 520 3746 Nec
534 3684 589 3745 tibi
603 3684 812 3761 quadrupedes
826 3683 977 3744 animosos
992 3682 1111 3761 ignibus
1123 3682 1191 3757 illis,

453 3780 539 3854 Quos
553 3776 584 3836 iu
598 3787 721 3855 pectore
734 3777 855 3851 habent,
871 3795 948 3854 quos
960 3796 1012 3838 ore
1025 3788 1056 3837 et
1069 3775 1191 3837 naribus
1204 3778 1315 3852 efflant,

432 3889 436 3898 ·
454 3873 492 3931 In
505 3879 626 3947 promtu
639 3887 740 3947 regere
752 3880 817 3930 est:
835 3869 886 3929 vix
898 3888 948 3930 me
961 3868 1122 3947 patiuntur,
1137 3868 1190 3930 ubi
1203 3888 1288 3932 acres

454 3964 611 4025 Incaluere
624 3960 725 4039 animi,
739 3961 898 4042 cavisque
910 3970 1057 4041 repugnat
1068 3960 1203 4026 habenis
1307 4002 1308 4006 =
1396 4021 1400 4029 .
