3550 4859
699 572 858 617 mutuos
878 573 938 616 ΗΒ.
956 573 997 617 vt.

362 719 437 797 Quis
452 729 513 781 tam
528 719 662 780 crudeles
677 718 791 796 optavit
804 738 921 779 sumere
934 720 1068 797 poenas?

362 814 419 875 Cui
433 806 549 874 tantum
564 814 602 872 de
617 824 646 872 te
661 813 765 873 licuit?
807 813 884 871 Mihi
899 814 979 872 sama
992 831 1129 889 suprema

362 910 461 967 Nocte
476 906 543 966 tulit
558 908 667 965 sessum
681 916 810 966 vastate
825 907 918 966 caede
934 908 1092 984 Pelasgum

362 999 558 1061 Procubuisse
573 1018 663 1075 super
676 999 817 1058 confusae
833 999 938 1075 stragis
953 1018 1097 1059 acervum.

362 1096 449 1154 Tunc
464 1104 582 1169 egomet
597 1094 743 1152 tumulum
759 1093 898 1151 Rhoeteo
913 1091 943 1150 in
958 1092 1043 1151 litore
1057 1091 1176 1152 inanem

362 1186 520 1259 Constitui,
537 1197 566 1246 et
581 1205 689 1261 magna
704 1187 812 1244 Manes
827 1196 872 1245 ter
886 1205 961 1245 voce
975 1185 1087 1245 vocavi.

362 1283 483 1341 Nomen
498 1290 527 1339 et
542 1299 622 1337 arma
637 1279 735 1338 locum
750 1288 886 1352 servant3
907 1289 944 1352 te,
961 1279 1064 1352 amice,
1080 1277 1198 1355 nequivi

363 1373 545 1449 Conspicere
560 1383 590 1432 et
604 1372 700 1449 patria
714 1373 864 1432 decedens
878 1391 988 1448 ponere
1003 1382 1084 1431 terra
1258 1443 1261 1447 Α

362 1467 413 1526 Ad
428 1486 504 1543 quae
519 1464 701 1525 Priamides:
724 1465 806 1524 Nihil
821 1484 840 1524 o
855 1465 908 1524 tibi
923 1465 1016 1524 amice
1031 1464 1185 1538 relictum;
1222 1453 1225 1460 ¹

363 1559 475 1619 Omnia
489 1558 651 1635 Deiphobo
667 1557 779 1617 solvisti
794 1568 823 1617 et
838 1557 947 1617 funeris
961 1558 1079 1617 umbris.

362 1653 422 1713 Sed
438 1671 485 1711 me
500 1653 560 1710 fata
574 1670 640 1710 mea
655 1660 685 1710 et
699 1651 795 1710 scelus
810 1649 926 1710 exitiale
942 1652 1097 1710 Lacaenae

363 1745 423 1805 His
437 1764 563 1805 mersere
578 1744 682 1817 malis;
703 1743 754 1802 illa
767 1744 842 1803 haec
856 1754 1051 1803 monumenta
1064 1742 1187 1820 reliquit.

362 1841 502 1915 Namque
516 1848 549 1897 ut
564 1856 732 1913 supremam
746 1837 820 1895 falsa
834 1836 911 1896 inter
924 1837 1032 1913 gaudia
1045 1848 1166 1896 noctem
1223 1891 1226 1896 ,

363 1932 526 2008 Egerimus,
542 1930 641 2004 nosti,
662 1940 692 1989 et
706 1929 830 1988 nimium
845 1930 1016 1989 meminisse
1030 1949 1153 1989 necesse
1168 1941 1221 1991 est

363 2027 465 2100 Quum
480 2024 575 2083 fatalis
590 2043 683 2099 equus
699 2024 774 2083 saltu
790 2042 878 2099 super
891 2024 984 2082 ardua
997 2024 1078 2083 venit

363 2121 507 2196 Pergama
521 2128 551 2177 et
565 2127 709 2176 armatum
725 2115 856 2192 peditem
870 2115 966 2192 gravis
981 2116 1077 2176 attulit
1091 2118 1167 2190 alv0,

363 2213 429 2285 Illa,
445 2212 568 2271 chorum
583 2210 732 2281 simulans,
748 2219 870 2270 evantes
884 2208 967 2286 orgia
980 2209 1091 2268 circum

363 2306 502 2365 Ducebat
516 2301 679 2380 Phrygias3
697 2301 850 2360 flammam
865 2301 964 2361 media
978 2301 1043 2378 ipsa
1057 2304 1177 2364 tenebat

362 2401 529 2475 Ingentem,
546 2406 575 2455 et
590 2414 705 2454 summa
719 2397 843 2454 Danaos
858 2414 895 2453 ex
909 2414 975 2454 arce
990 2397 1124 2456 vocabat

362 2493 441 2550 Tum
455 2510 511 2562 me,
527 2490 695 2548 confectum
711 2487 789 2547 curis
804 2506 972 2564 somnoque
986 2500 1147 2565 gravatum,

363 2583 471 2643 Infelix
484 2580 588 2642 habuit
602 2582 758 2653 thalamus,
775 2580 938 2657 pressitque
952 2583 1099 2657 jacentem

363 2676 467 2737 Dulcis
481 2686 511 2735 et
525 2676 585 2734 alta
600 2675 684 2750 quies
698 2673 893 2750 placidaeque
908 2674 1057 2736 simillima
1071 2674 1166 2736 morti.

363 2769 488 2846 Egregia
502 2768 614 2828 interea
628 2769 737 2843 conjux
752 2787 832 2826 arma
846 2767 948 2827 omnia
961 2768 1047 2828 tectis

362 2865 500 2935 Amovet‚
516 2872 546 2921 et
560 2862 652 2921 fidum
667 2860 756 2937 capiti
771 2861 952 2921 subduxerat
967 2882 1088 2935 ensem3

364 2958 446 3015 Intra
460 2966 539 3015 tecta
550 2965 637 3014 vocat
652 2955 833 3028 Menelaum,
849 2965 880 3015 et
894 2954 997 3014 limina
1011 2955 1124 3031 pandit,

362 3048 480 3109 Scilicet
494 3048 525 3108 id
539 3067 678 3125 magnum
694 3067 815 3124 sperans
830 3050 893 3109 fore
908 3067 1015 3107 munus
1029 3047 1148 3121 amanti,

363 3143 403 3202 Et
417 3143 525 3201 famam
541 3140 685 3217 exstingui
700 3152 831 3200 veterum
848 3142 892 3201 sic
906 3160 994 3218 posse
1009 3142 1161 3200 malorum.

362 3234 445 3309 Quid
460 3237 576 3294 moror?
613 3237 784 3311 Irrumpunt
798 3235 949 3307 thalamo;
969 3253 1072 3293 comes
1086 3233 1204 3294 additur
1217 3252 1277 3293 una

364 3329 510 3387 Hortator
524 3329 666 3386 scelerum
682 3328 833 3387 Aeolides.
878 3326 927 3400 Di,
943 3326 1014 3386 talia
1028 3325 1124 3387 Graiis

364 3423 538 3493 Instaurate,
555 3419 605 3497 pio
620 3420 645 3480 si
659 3440 774 3497 poenas
789 3439 839 3479 ore
854 3438 987 3496 reposco.
1302 3446 1340 3486 ⁵30

364 3515 425 3573 Sed
440 3525 469 3573 te
485 3514 535 3589 qui
550 3514 648 3573 vivum
663 3532 759 3586 casus,
775 3532 838 3589 age,
854 3514 914 3572 fare
929 3511 1065 3586 vicissim,

364 3606 533 3666 Attulerint.
578 3606 717 3682 Pelagine
731 3605 816 3665 venis
831 3605 977 3664 erroribus
992 3617 1083 3679 actus,

364 3702 413 3759 An
428 3700 544 3759 monitu
559 3700 680 3759 divum?
715 3700 764 3757 An
780 3717 856 3774 quae
871 3707 901 3757 te
915 3698 1033 3758 fortuna
1046 3697 1156 3775 fatigat,

363 3794 409 3853 Ut
423 3792 520 3853 tristes
535 3793 600 3852 sine
615 3792 678 3850 sole
693 3791 808 3863 domos,
824 3791 891 3849 loca
906 3790 1031 3865 turbida,
1047 3791 1163 3852 adires?

364 3887 435 3945 Hac
449 3885 513 3945 vice
529 3903 698 3944 sermonum
713 3882 805 3943 roseis
820 3886 935 3943 Aurora
950 3883 1100 3961 quadrigis
1303 3912 1339 3951 sss

360 3980 431 4055 Jarn
446 3978 578 4040 medium
592 3975 723 4037 aetherio
738 3995 824 4035 cursu
838 3978 993 4052 trajecerat
1006 3995 1091 4036 axem
1103 3998 1113 4052 3
