3550 4859
338 563 342 570 ·
429 540 483 598 -28
780 553 806 598 r.
828 554 938 599 ovibu.
951 553 1086 598 ursonis

444 702 578 777 Corpore
593 700 743 777 depresso,
759 710 790 761 et
803 699 908 777 apinae
922 698 1094 760 curvamina
1106 697 1186 760 flecti

443 793 561 871 Incipit
606 792 689 853 Huic
704 795 848 871 Lycabas,
865 795 903 853 Iu
917 811 995 868 quae
1012 791 1161 866 miracula,
1176 789 1260 867 dixit,

442 885 593 946 Verteris?
614 898 644 946 et
658 886 711 947 lati
723 886 813 946 rictus
827 897 858 946 et
871 887 972 963 panda
985 883 1120 961 loquenti

443 978 531 1039 Naris
546 990 617 1053 erat,
633 997 850 1056 squamamque
864 978 941 1039 cutis'
956 979 1060 1038 durata
1073 977 1218 1040 trahebat.
1385 996 1421 1047 aa

442 1074 484 1133 At
498 1071 598 1160 libys
614 1073 768 1132 obstantes
782 1072 855 1132 dum
868 1072 932 1131 vult
945 1073 1099 1132 obvertere
1112 1090 1219 1145 remos,

443 1166 481 1224 In
496 1164 624 1242 spatium
637 1164 749 1225 resilire
763 1183 869 1224 manus
883 1166 973 1224 breve
987 1163 1071 1238 vidit,
1086 1174 1116 1224 et
1129 1163 1195 1224 illas

441 1256 511 1335 Jam
525 1277 587 1318 non
601 1276 667 1318 esse
681 1276 796 1331 manus,
810 1258 872 1334 iam
886 1256 994 1334 pinnas
1007 1276 1096 1334 posse
1110 1255 1220 1317 vacari.

443 1352 537 1425 Alter,
552 1351 592 1410 ad
606 1350 732 1411 intortos
746 1350 871 1427 cupiens
885 1350 956 1410 dare
970 1348 1091 1410 brachia
1104 1350 1199 1423 funes,

443 1444 569 1505 Brachia
581 1463 644 1503 non
658 1443 771 1518 habuit,
787 1454 952 1520 truncoque
966 1443 1115 1519 repandus
1128 1442 1160 1502 in
1173 1442 1269 1504 undas
1383 1458 1423 1499 sao

444 1539 577 1615 Corpore
592 1536 729 1611 desiluit,
749 1538 857 1597 falcata
869 1535 1032 1596 novissima
1045 1536 1142 1596 cauda
1155 1546 1209 1611 est,

444 1630 553 1706 Qualia
566 1629 877 1708 dimidiaesinuantur
889 1648 1001 1689 cornua
1014 1630 1111 1689 lunae.

444 1723 588 1800 Undique
603 1725 676 1783 dant
690 1724 790 1796 saltus,
805 1723 959 1798 multaque
972 1721 1147 1799 adspergine
1161 1732 1269 1796 rorant,

444 1818 665 1894 Emerguntque
680 1816 786 1876 iterum
799 1815 984 1892 redeuntque
992 1816 1054 1875 sub
1068 1833 1200 1892 aequora
1212 1834 1320 1891 rursus,

443 1911 541 1987 Inque
555 1909 639 1970 chori
653 1909 760 1969 ludunt
774 1907 905 1985 speciem
918 1906 1088 1985 lascivaque
1100 1909 1215 1985 jactant
1383 1926 1422 1976 sss

444 2004 588 2080 Corpora,
603 2013 634 2063 et
648 2012 806 2079 acceptum
819 1999 928 2078 patulis
941 2020 1023 2061 mare
1036 2000 1157 2062 naribus
1170 2002 1279 2064 efflant.

443 2098 492 2157 De
506 2096 599 2156 modo
612 2094 819 2173 viginti-tot
833 2093 914 2154 enim
927 2093 998 2155 ratis
1012 2094 1063 2154 illa
1076 2095 1239 2156 ferebat·-

444 2190 609 2249 Restabam
624 2190 710 2249 solua
754 2186 901 2249 Pavidum
916 2186 1106 2264 gelidumque
1120 2186 1259 2248 trementi

444 2283 586 2358 Corpore,
602 2280 710 2359 vixque
723 2299 825 2341 meum
838 2281 936 2340 firmat
949 2280 1033 2354 deus,
1050 2282 1173 2356 Excute,
1189 2280 1301 2357 dicens,

444 2375 545 2436 Corde
559 2384 680 2448 metum,
697 2373 848 2451 Diamque
862 2376 951 2434 tenel
993 2374 1119 2434 Delatus
1133 2372 1165 2434 in
1178 2372 1261 2436 illam
1384 2394 1423 2445 σῳ

443 2466 567 2591 Accessi
581 2467 672 2529 sacris
686 2468 882 2593 {aochmqup
897 2468 974 2529 festa
986 2467 1152 2592 frqquentta

1178 2557 1196 2593 ¹}

809 2883 960 2987 ursan
988 2925 1053 2987 rv.

701 3134 721 3175 a
866 3134 886 3175 a
1024 3135 1044 3174 a
1183 3134 1203 3175 s

444 3140 598 3275 Mardus
611 3222 643 3275 et
656 3213 778 3290 Thisbe,
792 3216 936 3292 juvenum
949 3215 1163 3294 pulcherrimus
1180 3218 1264 3293 alter,
1397 3249 1422 3287 ss

316 3310 319 3315 ’
444 3308 555 3382 Altera,
571 3326 645 3385 quas
659 3307 767 3370 Oriens
780 3308 893 3383 habuit,
909 3311 1042 3387 praelata
1054 3312 1172 3388 puellis,

444 3399 608 3477 Contiguas
622 3411 743 3462 tenuere
757 3401 873 3476 domos,
888 3402 941 3463 ubi
955 3402 1064 3464 dicitnr
1075 3406 1167 3465 altam

444 3492 609 3554 Coctilibus
623 3493 713 3553 muris
726 3493 854 3555 cinxisse
868 3494 1038 3557 Semirmis
1051 3499 1163 3558 urbem

402 3624 417 3655 .
444 3585 590 3646 Notitiam
604 3586 776 3663 primosque
788 3588 898 3664 gradm
911 3587 1022 3648 vicinia
1034 3589 1114 3664 fecit,

442 3680 593 3757 Tempore
607 3678 699 3739 crevit
712 3698 815 3740 amor:
834 3681 941 3741 taedae
955 3700 1076 3758 quoque
1088 3685 1153 3760 jure
1166 3682 1317 3760 coissent;
1376 3708 1378 3712 ’
1396 3704 1423 3743 ⁶0
1493 3675 1498 3683 ’

443 3772 503 3833 Sed
516 3781 636 3832 vetuere
650 3782 756 3849 patres
799 3774 892 3848 Quod
906 3792 968 3833 non
982 3784 1106 3851 potuere
1120 3786 1229 3852 vetare,

442 3865 490 3924 Far
504 3882 601 3941 aequo
615 3864 710 3942 captis
724 3866 869 3926 ardebant
882 3865 1032 3927 mentibus
1046 3869 1145 3929 ambo.

444 3955 593 4019 Conscius
607 3956 706 4020 omnis
719 3958 824 4020 abestr
842 3968 917 4020 nutu
931 3957 1082 4037 signisque
1095 3961 1278 4038 loquantum
