3550 4859
745 608 904 654 AENEIDOS
924 610 982 654 uu
1003 611 1035 655 11.

402 752 561 815 Instaurati
576 752 675 830 animi,
691 753 768 833 regis
783 775 950 818 succurrere
965 755 1058 831 tectis,

401 848 582 925 Auxilioque
596 850 694 909 levare
708 848 794 924 viros,
810 849 929 927 vimque
944 850 1054 911 addere
1068 847 1162 911 victis.

441 942 548 1001 Limen
563 952 626 1001 erat
640 960 806 1019 caecaeque
821 942 899 1003 fores
913 953 943 1003 et
956 941 1075 1020 pervius
1089 963 1158 1004 usus

400 1036 562 1096 Tectorum
576 1034 653 1095 inter
667 1055 698 1095 se
714 1034 829 1110 Priami,
845 1047 1006 1114 postesque
1019 1035 1114 1096 relicti

399 1130 429 1187 A
443 1139 536 1207 tergo,
552 1127 654 1189 infelix
669 1147 727 1205 qua
742 1148 782 1202 se,
799 1129 870 1188 dum
885 1148 975 1205 regna
988 1130 1157 1204 manebant,
1235 1205 1237 1209 7
1342 1160 1380 1199 453

402 1221 526 1299 Saepius
540 1222 752 1282 Andromache
767 1223 842 1281 ferre
856 1221 1030 1281 incomitata
1044 1223 1159 1282 solebat

401 1316 451 1375 Ad
466 1335 596 1389 soceros,
612 1326 642 1375 et
657 1334 713 1375 avo
727 1334 850 1392 puerum
866 1316 1049 1392 Astyanacta
1062 1317 1206 1377 trahebat

401 1409 506 1469 Evado
521 1409 559 1468 ad
574 1408 680 1467 summi
695 1407 811 1484 fastigia
824 1406 969 1482 culminis,
985 1408 1064 1469 unde

396 1503 476 1562 Tela
490 1521 579 1561 manu
594 1500 691 1561 miseri
703 1501 856 1580 jactabant
871 1499 953 1560 irrita
966 1501 1082 1562 Teucri.

399 1594 517 1654 Turrim
531 1595 561 1653 in
575 1592 728 1671 praecipiti
743 1604 871 1653 stantem
886 1594 1069 1672 summisque
1085 1597 1140 1656 sub
1155 1607 1233 1658 astra
1340 1618 1379 1666 φο

400 1688 547 1748 Eductam
562 1687 656 1760 tectiS,
672 1687 751 1747 unde
767 1687 863 1746 omnis
878 1687 970 1768 Troja
982 1686 1075 1748 videri

401 1782 439 1841 Et
454 1783 593 1841 Danaum
608 1780 712 1840 solitae
727 1799 818 1840 naves
833 1790 862 1840 et
878 1779 993 1842 Achaia
1007 1791 1113 1856 castra,

399 1874 539 1954 Aggressi
554 1873 634 1953 ferro¹
645 1872 764 1947 circum,
781 1892 841 1949 qua
854 1892 969 1932 summa
982 1875 1117 1935 labantes

399 1969 557 2044 Juncturas
571 1966 704 2027 tabulata
717 1966 837 2041 dabant,
853 1965 1047 2026 convellimus
1062 1966 1128 2027 altis

402 2060 528 2120 Sedibus
541 2058 771 2137 impulimusque
782 2082 791 2135 3
812 2079 848 2119 ea
861 2061 945 2137 lapsa
958 2071 1079 2136 repente
1093 2061 1208 2121 ruinam
1339 2082 1377 2130 ⁴⁶3

401 2155 478 2214 Cum
493 2153 591 2213 sonitu
606 2153 694 2212 trahit
709 2164 738 2213 et
753 2154 892 2212 Danaum
907 2171 996 2230 super
1009 2153 1127 2236 agmina
1140 2155 1199 2215 late

400 2246 518 2306 Incidit.
561 2248 619 2305 Ast
633 2246 682 2305 alii
696 2247 831 2321 subeunt,
843 2265 905 2307 nec
919 2265 998 2321 saxa,
1013 2266 1069 2307 nec
1084 2249 1176 2308 ullum

399 2340 540 2401 Telorum
555 2339 667 2400 interea
681 2350 777 2399 cessat
790 2359 892 2417 genus

438 2433 628 2493 Vestibulum
643 2443 711 2492 ante
726 2432 824 2510 ipsum
837 2434 993 2512 primoque
1008 2433 1038 2494 in
1052 2434 1153 2495 limine
1169 2436 1298 2514 Pyrrhus

400 2527 542 2601 Exsultat,
558 2526 625 2586 telis
641 2537 670 2586 et
684 2527 750 2586 luce
765 2545 904 2587 coruscus
919 2529 1013 2604 aina,
1339 2558 1377 2596 47⁰

399 2620 506 2694 Qualis
520 2619 571 2679 ubi
585 2619 616 2678 in
630 2620 727 2679 lucem
742 2621 864 2680 coluber
877 2622 957 2680 mala
969 2620 1102 2698 gramina
1115 2632 1224 2698 pastus,

400 2712 518 2791 Frigida
532 2714 586 2773 sub
600 2723 677 2773 terra
691 2712 837 2773 tumidum
852 2733 941 2790 quem
955 2714 1061 2773 bruma
1074 2715 1201 2791 tegebat,

400 2809 497 2881 Nunc,
513 2805 617 2884 positis
632 2826 727 2866 novus
743 2805 855 2866 exuviis
870 2805 1041 2883 nitidusque
1053 2807 1184 2884 juventa,

400 2898 530 2960 Lubrica
543 2900 693 2961 convolvit
708 2900 825 2959 sublato
837 2909 960 2977 pectore
974 2911 1056 2978 terga

400 2993 519 3052 Arduus
534 2993 573 3052 ad
587 2993 689 3068 solem,
706 3003 736 3052 et
750 2991 856 3070 linguis
870 2992 962 3054 micat
976 3012 1026 3053 ore
1041 2991 1175 3053 trisulcis.
1339 3021 1376 3062 4⁷³

399 3087 472 3146 Una
485 3085 590 3163 ingens
605 3085 747 3163 Periphas
762 3096 791 3146 et
806 3086 1089 3164 equorumagitator
1104 3085 1236 3162 Achillis,

400 3179 536 3256 Armiger
551 3180 752 3254 Automedon,
768 3201 828 3241 una
841 3173 939 3241 omnis
953 3180 1053 3258 Scyria
1065 3181 1160 3257 pubes

401 3273 572 3333 Succedunt
585 3283 674 3347 tecto,
691 3284 720 3334 et
734 3273 870 3334 flammas
885 3274 923 3333 ad
938 3272 1068 3333 culmina
1079 3273 1199 3349 jactant

399 3368 469 3445 Ipse
484 3366 561 3426 inter
573 3366 684 3444 primos
699 3379 835 3444 correpta
849 3367 923 3426 dura
935 3364 1058 3442 bipenni

399 3458 517 3520 Limina
531 3460 701 3538 perrumpit,
717 3470 879 3538 postesque
894 3479 913 3518 a
926 3457 1046 3519 cardine
1059 3459 1141 3519 vellit
1338 3475 1377 3526 ⁴³0

400 3546 545 3628 Aeratos3
563 3554 684 3633 jamque
700 3554 799 3614 excisa
813 3554 896 3613 nabe
910 3552 994 3612 finna
1007 3551 1122 3612 cavavit

399 3645 531 3719 Robora,
547 3657 577 3706 et
591 3645 741 3724 ingentem
756 3645 817 3706 lato
832 3644 916 3706 dedit
930 3665 981 3705 ore
994 3645 1159 3706 fenestram.

400 3741 533 3816 Apparet
548 3740 655 3799 domus
670 3739 758 3813 intus,
774 3748 804 3798 et
818 3738 892 3799 atria
905 3739 994 3816 longa
1006 3747 1182 3816 patescunt3

400 3834 555 3909 Apparent
570 3831 678 3892 Priami
693 3842 723 3892 et
736 3842 869 3892 veterum
882 3830 1046 3909 penetralia
1059 3850 1169 3909 regum,

400 3927 597 4002 Armatosque
611 3925 714 3986 vident
728 3934 839 3984 stantes
853 3923 883 3983 in
898 3915 1003 3984 hmine
1013 3924 1117 4002 primo.

439 4021 480 4080 At
489 4007 602 4080 'domus
616 4016 738 4078 interior
749 4016 862 4095 gemitu
875 4015 1044 4094 miseroque
1055 4017 1183 4077 tumultu
