3550 4859
647 572 862 619 mum·
872 572 949 618 vn
961 576 987 618 V.

332 725 419 799 Quae
432 722 515 796 freta,
531 723 606 798 quaa
618 731 712 782 terras
725 720 783 780 snb¹
795 719 966 781 sevidiaaet
983 714 1022 781 ali
1036 711 1117 796 alto,
1212 724 1214 731 '

333 818 372 876 Et
386 835 463 894 quae
473 813 750 896 jactatiateti'giaaet
763 813 861 874 sidera
868 813 989 892 ‘pe'nnss-

883 924 887 929 ’
913 921 933 958 fl

434 917 773 960 !.**
1073 919 1093 958 Ι

715 1283 862 1343 LIBER
886 1284 930 1346 V.

435 1483 453 1518 1
593 1482 614 1519 Ι
733 1481 753 1521 ὓ
892 1479 912 1519 ΙΙ
1052 1481 1073 1518 O

335 1565 443 1622 Pnrnn
458 1565 549 1624 Ceres
564 1580 643 1624 unco
656 1565 775 1640 glebam
790 1563 916 1624 dimovit
930 1573 1034 1637 aratro,

334 1655 434 1715 Prima
447 1655 530 1716 dedit
543 1656 641 1734 fruges
653 1656 853 1733 alimentaque
867 1656 951 1716 mitia
964 1656 1055 1731 tetris,
1177 1660 1180 1665 '
1210 1660 1212 1664 ’

334 1748 435 1808 Prima
448 1748 532 1809 dedit
544 1749 625 1826 leges
636 1770 646 1825 3
666 1748 866 1810 Cererissunt
879 1749 982 1816 omnia
994 1768 1122 1810 munus:
1168 1745 1172 1752 ’

334 1843 392 1903 Illa
405 1843 540 1903 canenda
554 1842 628 1901 mihi
641 1853 694 1903 est
738 1841 863 1902 Utinam
877 1844 970 1903 modo
984 1843 1083 1903 dicere
1097 1858 1217 1920 possem

335 1935 477 1996 Carmina
490 1935 579 2013 digna
594 1936 669 1995 deal
704 1937 800 1996 Certe
814 1936 872 1996 dea
886 1928 1018 1996 carmine
1032 1934 1122 2013 digna
1135 1944 1188 1996 est
1274 1962 1310 2002 με

332 2030 428 2089 Vasta
440 2026 595 2106 Giganteis
608 2028 719 2105 injecta
732 2039 780 2089 est
792 2029 890 2089 insula
903 2029 1044 2089 membris

333 2121 492 2197 Trinacris,
508 2132 538 2182 et
552 2121 668 2199 magnis
683 2123 850 2198 subjeetum
863 2116 998 2182 molibus
1007 2131 1092 2200 urget

332 2215 488 2276 Aetherias
502 2223 608 2276 ausum
621 2232 739 2293 sperate
751 2216 899 2293 Typhoia
913 2215 1007 2275 sedes'.

334 2309 447 2369 Nititur
457 2309 508 2369 ille
521 2307 645 2387 quidem
658 2320 830 2386 pugnatque
843 2304 994 2386 resurgere
1004 2299 1118 2386 ·saepe;
1198 2312 1201 2319 '

334 2404 448 2462 Dextra
462 2403 515 2462 sed
529 2403 665 2463 Ausonio
678 2420 784 2462 manus
798 2412 843 2462 est
857 2403 993 2479 subjecta
1007 2403 1123 2476 Peloro,

333 2497 442 2570 Laeva,
458 2496 607 2574 Pachyne,
623 2494 686 2570 tibi,
702 2494 846 2574 Lilybaeo
859 2490 945 2555 crura
958 2505 1138 2572 premuntur,

333 2591 483 2667 Degravat
497 2593 598 2650 Aetna
610 2599 718 2667 caput:
739 2591 794 2649 sub
809 2604 868 2667 qua
881 2588 1037 2665 resupinus
1051 2605 1154 2647 arenas

333 2682 450 2761 Ejectat
463 2683 672 2759 flammamque
686 2683 749 2742 lero
762 2681 857 2742 vomit
871 2700 922 2741 ore
935 2680 1108 2759 Typhoeus.

331 2776 427 2853 Saepe
441 2774 570 2835 remoliri
583 2777 712 2835 luctatur
724 2770 865 2852 pondera¹
873 2784 974 2848 terrae,

332 2868 519 2944 Oppidaque
529 2878 562 2928 et
574 2886 699 2946 magnos
713 2867 871 2927 devolvere
886 2884 1011 2944 corpore
1024 2874 1150 2926 montes.
1237 2893 1239 2900 ·

333 2960 410 3020 Inde
426 2960 524 3021 tremit
537 2962 633 3036 tellus,
649 2971 680 3021 et
693 2980 747 3020 rex
758 2956 848 3038 pavet
861 2959 925 3038 ipse
940 2960 1087 3035 silentum,

332 3055 382 3114 Ne
396 3065 498 3131 pateat
512 3056 632 3132 latoque
647 3056 744 3114 solum
757 3064 904 3132 retegatur
917 3052 1007 3128 hiatu,

333 3146 549 3223 Immissusque
563 3147 628 3208 dies
642 3147 825 3224 trepidantes
839 3158 947 3208 terreat
959 3148 1086 3206 umbras.

333 3242 425 3301 Hauc
439 3251 575 3300 metuens
589 3241 712 3301 cladem·
721 3242 881 3303 tenebrosa
895 3232 966 3300 sede
981 3251 1121 3316 tyrannus

333 3333 462 3407 Exierat,
476 3350 622 3409 cantuque
636 3343 767 3393 atrorum
780 3345 883 3394 vectus
898 3350 1042 3410 equorum

330 3426 476 3487 Ambibat
491 3426 608 3488 Siculae
622 3438 726 3487 cautus
739 3418 915 3486 fundamina
929 3437 1029 3485 terrae.
1141 3432 1143 3436 '

332 3520 496 3596 Postquam
510 3520 696 3597 exploratum
710 3518 781 3579 satis
794 3529 848 3592 est,
864 3520 931 3578 loca
944 3519 1026 3577 nulla
1039 3518 1148 3591 labare,

332 3610 530 3689 Depositique
544 3624 649 3687 metus,
661 3611 745 3672 videt
757 3613 838 3671 hune
853 3611 980 3689 Erycina
992 3620 1151 3688 vagantem
1180 3614 1183 3641 ·'

326 3706 441 3765 Monte
456 3723 511 3765 suo
524 3706 666 3780 residens,
683 3716 846 3782 natumque
859 3705 997 3782 amplexa
1010 3704 1171 3778 volucrem,

330 3799 424 3858 Anna
437 3817 603 3876 manusque
615 3784 712 3873 iueae,
726 3816 803 3873 mea,
818 3808 897 3871 nate,
913 3797 1055 3874 potentia,
1071 3797 1154 3871 dixit,

331 3892 397 3966 Illa,
414 3891 526 3968 quibus
535 3910 657 3970 mperes
670 3910 784 3965 omnes,
800 3908 874 3969 cape
887 3892 956 3965 tela,
973 3890 1101 3969 Cupido,
1191 3896 1193 3901 ’

332 3986 430 4062 Inque
445 3984 494 4046 dei
508 3995 617 4063 peetqs
626 3985 738 4057 ueteres
752 3984 857 4053 molire
872 3983 1004 4062 sagitae,
1079 3991 1085 4044 .'
