3550 4859
467 556 524 631 rod
781 571 808 614 a.
826 569 962 613 vraorur
982 570 1125 613 mausus

463 718 548 776 Voce
563 714 645 789 deos,
662 714 704 775 sic
719 725 749 775 te
762 714 910 792 utpoa‘ta
921 714 1049 775 crudelis
1063 716 1220 776 abessem?

465 808 613 869 Exstinxti
627 819 656 868 te
669 819 787 885 meque3
803 826 895 882 soror,
910 809 1116 886 populumque
1128 819 1289 886 patresque

464 902 605 963 Sidonios
619 902 785 979 urbemque
798 911 889 961 tuam·
932 903 1011 961 Date
1024 903 1147 961 vulnera
1161 901 1298 979 lymphis,

465 996 605 1069 Abluam‚
621 1004 659 1068 et,
675 1004 825 1054 extremus
838 993 948 1071 siquis
959 1013 1049 1071 super
1061 993 1170 1054 halitus
1185 1005 1269 1069 errat,
1363 1020 1366 1025 ·

465 1089 526 1149 Ore
540 1089 645 1164 legam.
689 1087 739 1147 Sic
753 1087 936 1165 langradus
950 1097 1084 1147 evaserat
1097 1077 1183 1161 altos,
1406 1105 1450 1155 sss

464 1179 736 1257 Semianimemque
750 1179 816 1240 sinu
830 1199 1001 1257 germanam
1016 1182 1153 1257 amplexa
1166 1181 1287 1241 fovebat

466 1276 544 1336 Cum
558 1274 677 1352 gemitu,
693 1284 783 1350 atque
797 1283 878 1333 atros
891 1273 1025 1333 siccabat
1038 1285 1120 1334 veste
1135 1293 1262 1335 cruores

466 1369 532 1441 llla,
546 1387 650 1445 graves
663 1369 892 1428 oculosconata
905 1368 1049 1440 attollere·
1064 1386 1162 1427 rursus

465 1462 577 1522 Deficit
588 1484 597 1536 ;
617 1459 738 1519 infixum
753 1459 849 1520 stridit
862 1461 921 1520 sub
934 1470 1056 1537 pectore
1068 1461 1183 1521 vulnus

466 1556 527 1615 Ter
540 1574 606 1615 sese
621 1556 759 1614 attollens
773 1554 935 1630 cubitoque
949 1553 1059 1613 adnixa
1072 1553 1199 1629 levavit3

465 1650 526 1708 Ter
539 1648 672 1708 revoluta
685 1657 751 1707 toro
766 1657 820 1720 est,
836 1646 991 1724 oculisque
1005 1646 1169 1707 errantibus
1183 1648 1247 1707 alto
1270 1679 1273 1684 ·

466 1740 622 1816 Quaesivit
635 1741 723 1800 coelo
737 1741 844 1814 lucem,
859 1738 1062 1817 ingemuitque
1075 1751 1198 1817 reperta

506 1834 584 1893 Tum
599 1836 680 1910 Juno
694 1832 894 1911 omnipotens
909 1834 1032 1912 longum
1046 1832 1185 1893 miserata
1197 1834 1335 1896 dolorem

467 1925 671 2002 Difficilesque
685 1925 794 1999 obitus,
811 1924 882 1985 Irim
897 1925 1017 1987 demisit
1030 1926 1172 2005 Olympo,
1252 1966 1255 1969 »

467 2021 553 2096 Quae
568 2019 731 2079 luctantem
745 2018 874 2078 animm
885 2037 1043 2096 nexosque
1058 2020 1217 2080 resolveret
1231 2031 1318 2081 artus

467 2115 547 2173 Nam
562 2112 633 2190 quia
645 2131 702 2172 nec
715 2114 787 2185 sato,
801 2111 908 2172 merita
921 2131 978 2171 nec
991 2122 1088 2172 morte
1101 2113 1225 2189 peribat,

468 2207 529 2267 Sed
543 2206 651 2266 misera
664 2217 734 2267 ante
747 2206 836 2279 diem,
852 2206 1011 2282 subitoque
1026 2224 1152 2266 accensa
1165 2207 1270 2281 furore,

468 2300 612 2360 Nondum
627 2298 669 2358 illi
683 2300 791 2359 flavum
806 2297 982 2375 Proserpina
995 2298 1105 2358 vertice
1119 2298 1232 2359 crinem

465 2394 647 2466 Abstulerat,
665 2393 827 2471 Stygioque
841 2402 932 2469 caput
945 2392 1139 2451 damnaverat
1152 2392 1243 2453 Orco.

468 2487 547 2563 Ergo
563 2486 619 2545 Iris
634 2485 746 2545 croceis
759 2504 815 2563 per
827 2486 945 2545 coelum
959 2483 1078 2544 roscida
1091 2484 1208 2561 pennis,

468 2578 554 2638 Mille
568 2578 689 2638 trahens
701 2578 799 2638 varios
812 2578 938 2658 adverso
952 2577 1016 2637 sole
1029 2578 1156 2650 colores,

468 2672 606 2745 Devolat‚
622 2681 652 2732 et
667 2689 755 2749 supra
768 2681 859 2749 caput
868 2669 1005 2731 adstitit:
1025 2672 1119 2731 Hunc
1133 2689 1191 2749 ego
1204 2671 1269 2733 Diti

469 2765 592 2824 Sacrum
604 2766 687 2841 jussa
700 2765 770 2838 fero,
786 2775 876 2841 teque
889 2762 949 2824 isto
963 2781 1087 2841 corpore
1100 2766 1195 2826 solvo.

469 2857 519 2918 Sic
533 2858 582 2931 ait,
597 2867 629 2918 et
641 2857 746 2927 dextra
758 2858 872 2919 crinem
884 2867 967 2918 secat
977 2879 987 2935 3
1007 2857 1105 2919 omnis
1118 2869 1149 2919 et
1160 2877 1231 2920 una*

469 2950 610 3029 Dilapsus
624 2950 714 3025 calor,
729 2960 819 3029 atque
832 2950 986 3013 irs-ventos
998 2950 1061 3013 vita
1071 2950 1201 3014 recessit.

840 3315 1003 3375 LIBER
1030 3316 1073 3375 V.

469 3512 615 3578 manaa
628 3508 760 3570 medium
774 3512 896 3573 Aeneas
908 3513 971 3590 jam
985 3513 1081 3575 classe
1095 3512 1218 3575 tenebat

470 3605 577 3665 Certus
591 3601 654 3677 iter,
669 3603 836 3681 fluctusque
850 3616 930 3666 auos
944 3603 1085 3683 aquilone
1099 3609 1229 3681 secabat,

470 3696 595 3757 Moenia
607 3695 776 3774 respiciens,
792 3716 869 3775 quae
880 3700 943 3779 jam
955 3697 1080 3760 infelicis
1096 3700 1209 3761 Elissae

470 3790 630 3851 Collucent
642 3790 781 3850 flammis:
820 3792 909 3867 Quae
922 3800 1039 3853 tuntum
1053 3792 1223 3853 accenderit
1236 3792 1346 3871 ignem

443 3884 586 3944 'Caussa
599 3884 691 3958 latct3
709 3883 775 3944 duri
787 3903 901 3962 magno
911 3886 967 3945 sed
980 3904 1081 3946 amore
1096 3885 1215 3947 dolores
1441 3910 1456 3952 s

471 3977 599 4050 Polluto‚
615 3987 788 4055 notumque,
799 3978 904 4039 finem
916 3978 992 4057 quid
1004 3978 1116 4040 ferulas
1126 3978 1231 4057 posit,
