3550 4859
400 585 454 627 102
713 581 740 624 P.
759 580 893 624 utantur
914 579 1059 624 HARONIS

398 728 487 788 Adde
501 737 546 788 tot
560 725 693 804 egregias
706 727 795 786 urbes
808 744 992 803 operumque
1006 726 1148 799 laborem,
1182 766 1185 776 .
1341 753 1377 797 25,

397 824 458 880 Tot
472 830 615 897 congesta
628 838 718 878 manu
732 817 897 896 praemptis
910 819 1023 896 oppida
1036 818 1121 893 saxis,

398 913 594 990 Fluminaque
608 912 747 988 antiquos
761 911 994 972 subterlabentia
1007 931 1116 973 mutos

397 1009 447 1066 An
463 1025 551 1078 mare,
567 1005 649 1081 quod
663 1023 759 1081 supra,
774 1021 946 1078 memorem,
962 1006 1104 1082 quodque
1117 1005 1202 1066 alluit
1216 1003 1322 1067 iufra?¹

396 1100 485 1157 Anne
500 1099 581 1157 lacus
594 1107 702 1170 tantos,
718 1108 757 1170 te,
773 1097 841 1156 Lari
855 1097 992 1172 maxime,
1008 1109 1106 1175 teque,

397 1191 552 1251 Fluctibus
567 1200 597 1250 et
611 1190 728 1249 fremitu
740 1191 904 1267 adsurgens
918 1194 1034 1251 Benace
1049 1191 1183 1251 marino?

398 1287 448 1343 An
462 1302 625 1343 memorem
639 1293 742 1359 portus
757 1284 947 1361 Lucrinoque
961 1283 1064 1345 addita
1076 1285 1205 1345 claustra

397 1380 498 1454 Atque
512 1376 697 1454 indignatum
712 1377 826 1453 magnis
840 1376 1014 1439 stridoribus
1029 1396 1148 1455 aequor,

397 1472 477 1548 Julia
490 1490 549 1547 qua
563 1481 658 1546 ponto
672 1471 761 1547 longe
775 1482 862 1531 sonat
875 1472 957 1531 unda
970 1474 1067 1532 refuso

397 1565 626 1641 Tyrrhenusque
641 1563 722 1644 fretis
736 1564 903 1625 immittitur
916 1576 1015 1624 aestus
1029 1563 1176 1625 Auernis?

398 1658 487 1716 Haec
502 1657 606 1716 eadem
622 1657 735 1734 argenti
749 1657 827 1718 rivos
841 1658 976 1735 aerisque
990 1658 1111 1717 metalla
1342 1675 1378 1725 ως

397 1749 538 1812 Ostendit
553 1749 645 1824 venis,
661 1762 750 1827 atque
765 1771 835 1811 auro
850 1751 976 1829 plurima
989 1751 1082 1811 fluxit

398 1845 486 1903 Haec
500 1863 594 1920 genus
608 1862 675 1903 acre
689 1844 793 1919 virum,
809 1848 936 1918 Marsos,
952 1826 1122 1922 pubemque
1137 1843 1297 1917 Sabellam

396 1936 623 2013 Adsuetumque
638 1938 717 1997 malo
732 1938 878 2015 Ligurem,
894 1938 1083 2013 Volscosque
1097 1947 1217 1997 verutos

398 2029 519 2103 Extulit,
535 2029 610 2090 haec
625 2030 746 2105 Decios,
763 2031 884 2104 Marios,
901 2049 1085 2107 magnosque
1100 2028 1253 2103 Camillos,

397 2122 550 2200 Scipiadas
565 2124 654 2183 duros
668 2126 756 2199 bello,
772 2135 803 2185 et
817 2137 855 2199 te,
871 2124 998 2184 maxime
1015 2126 1134 2198 Caesar,
1343 2153 1379 2191 170

398 2216 459 2291 Qui
474 2236 553 2276 nunc
568 2218 708 2277 extremis
722 2217 813 2279 Asiae
825 2220 888 2294 jam
901 2217 1040 2279 victorin
1055 2216 1114 2277 oris

398 2311 556 2370 Imbellem
570 2310 678 2371 avertis
694 2312 840 2371 Romanis
854 2310 970 2371 arcibus
985 2312 1105 2371 Indum.

399 2406 496 2477 Salve,
512 2423 621 2481 magna
633 2424 741 2481 parens
755 2406 878 2481 frugum,
894 2403 1030 2464 Saturnia
1043 2405 1139 2477 tellus,

399 2500 513 2574 Magna
527 2496 641 2572 vimm;
661 2497 715 2557 tibi
729 2517 775 2558 res
789 2498 929 2573 antiquae
944 2497 1039 2557 laudis
1053 2509 1083 2557 et
1097 2495 1169 2558 artis

398 2590 561 2667 Ingredior,
578 2602 697 2650 sanctos
711 2609 800 2650 ausus
813 2590 965 2651 recludere
979 2590 1086 2665 fontes,

395 2687 620 2760 Ascraeumque
636 2702 713 2743 cano
728 2686 867 2743 Romana
880 2702 935 2760 per
947 2683 1060 2760 oppida
1073 2685 1229 2762 carmen.)
1281 2700 1282 2703 ¹

438 2779 527 2835 Nunc
543 2778 627 2836 locus
642 2795 776 2835 arvorum
791 2774 926 2853 ingeniis,
942 2795 1019 2852 quae
1033 2778 1141 2836 robora
1154 2773 1273 2851 cuique,

397 2869 473 2946 Quis
488 2871 579 2941 color,
596 2880 626 2929 et
640 2888 717 2946 quae
730 2869 769 2929 sit
782 2871 871 2930 rebus
884 2879 990 2928 natura
1003 2868 1140 2929 serendis.

397 2963 543 3022 Difficiles
558 2962 686 3039 primum
701 2972 794 3023 terrae
808 2963 960 3039 collesque
974 2960 1103 3039 maligni,
1137 2961 1140 2965 ’

397 3056 510 3115 Tenuis
524 3055 575 3115 ubi
590 3056 692 3132 argilla
705 3065 736 3116 et
750 3056 883 3116 dumosis
897 3057 1027 3115 calculus
1041 3052 1126 3128 arvis,
1344 3072 1381 3112 zuo

396 3149 532 3209 Palladia
545 3149 676 3226 gaudent
691 3148 765 3208 silva
778 3148 889 3208 vivacis
903 3148 1007 3209 olivae.

398 3242 517 3303 Indicio
531 3253 577 3302 est
591 3253 686 3301 tractu
700 3261 821 3319 surgens
835 3242 963 3301 oleaster
976 3242 1085 3302 eodem

398 3336 545 3397 Plurimus
560 3345 590 3395 et
603 3335 686 3395 strati
700 3334 801 3395 baccis
815 3333 996 3396 silvestribus
1010 3334 1079 3412 agri.

397 3433 440 3490 At
454 3449 530 3506 quae
545 3429 663 3505 pinguis
676 3429 785 3487 humus
799 3426 939 3504 dulcique
953 3427 1065 3506 uligine
1079 3428 1169 3501 laeta,¹

398 3522 518 3598 Quique
532 3522 671 3598 frequens
684 3520 783 3582 herbis
797 3531 827 3582 et
841 3519 946 3581 fertilis
957 3522 1048 3581 ubere
1062 3538 1236 3598 campus-
1344 3538 1379 3586 us

397 3616 526 3689 Qualem
541 3634 631 3691 saepe
645 3633 720 3674 cava
733 3614 844 3673 montis
857 3613 993 3673 convalle
1007 3614 1136 3674 solemus

398 3708 559 3784 Despicere
570 3730 579 3781 3
600 3709 657 3767 huc
672 3707 795 3767 summis
809 3707 961 3783 liquuntur
973 3706 1095 3783 rupibus
1108 3724 1222 3779 amnes,

398 3801 588 3877 Felicemque
603 3801 723 3862 trahunt
736 3800 889 3860 limum-
898 3800 1007 3877 quique
1022 3799 1119 3861 editus
1133 3809 1243 3872 aratro,

399 3896 438 3954 Et
451 3893 559 3953 filicem
573 3893 669 3953 curvis
683 3892 809 3954 invisam
823 3892 919 3970 pascit
932 3892 1035 3953 aratris
1048 3916 1055 3953 ε

399 3987 461 4047 Hic
475 3985 529 4047 tibi
542 3986 1125 4065 praevalidusolimmultoquellueutes
1342 4013 1382 4052 m
