3550 4859
625 571 777 617 msrwn
799 571 857 616 ΗΒ.
878 572 917 616 1v.
937 573 1025 617 ELEG.
1043 572 1073 617 Χ.

362 719 460 779 Multa
474 715 595 795 quidem
610 716 713 795 scripsi
724 740 734 793 ;
754 718 815 792 sed,
832 738 909 796 quae
922 718 1030 779 vitiosa
1042 717 1152 797 putavi,

401 810 610 872 Emendaturis
625 809 742 889 ignibus
755 811 819 889 ipse
834 812 912 894 dedi.
960 877 962 882 ¹

360 907 448 966 Tunc
463 924 592 982 quoque,
609 924 700 982 quum
718 905 857 981 fugerem,
873 906 1021 982 quaedam
1035 904 1178 984 placitura
1192 906 1329 982 cremavi,

402 1001 499 1058 Iratus
513 998 613 1057 studio
627 997 866 1074 carminibusque
880 998 963 1059 meis.

361 1091 465 1166 Molle,
482 1090 656 1168 Cupidineis
670 1110 727 1151 nec
741 1092 970 1169 inexpugnabile
985 1092 1051 1152 telis
1315 1110 1340 1159 ος

402 1187 464 1245 Cor
476 1183 557 1257 mihi,
573 1184 715 1260 quodque
731 1183 803 1243 levis
818 1203 908 1244 causa
922 1197 1062 1259 moveret,
1078 1196 1148 1246 erat.

360 1278 462 1353 Quum
477 1288 577 1337 tamen
591 1276 641 1337 hic
656 1296 761 1351 essem,
777 1277 962 1355 minimoque
976 1280 1154 1339 accenderer
1168 1278 1245 1357 igne,

402 1369 534 1431 Nomine
550 1372 605 1430 sub
620 1381 721 1430 nostro
736 1370 837 1430 sabula
850 1373 932 1431 nulla
945 1371 1007 1431 fuit.

360 1463 462 1524 Paene
476 1463 550 1522 mihi
564 1483 656 1540 puero
672 1482 728 1523 nec
743 1463 833 1540 digna
846 1483 903 1524 nec
916 1464 996 1524 utilis
1010 1484 1084 1525 uxor

402 1559 457 1616 Est
471 1556 549 1630 data,
567 1576 643 1633 quae
658 1567 775 1633 tempus
790 1576 843 1633 per
856 1559 946 1617 breve
960 1568 1054 1635 nupta
1068 1558 1130 1620 suit

360 1650 412 1709 Illi
427 1648 568 1709 successit
583 1650 719 1726 quamvis
734 1649 797 1710 sine
812 1650 935 1711 crimine
950 1654 1069 1727 coniux,

403 1744 474 1803 Non
490 1753 590 1802 tamen
604 1742 636 1801 in
650 1754 754 1803 nostro
768 1745 853 1802 firma
866 1744 963 1803 sutura
977 1756 1051 1805 t0r0.

359 1835 486 1910 Ultima,
502 1854 579 1912 quae
593 1855 711 1895 mecum
726 1855 807 1896 seros
821 1838 984 1913 permansit
998 1837 1029 1896 in
1044 1856 1147 1913 annor,

401 1928 545 1991 Sustinuit
559 1931 670 2005 conjux
685 1929 793 1989 exsulis
808 1949 872 1991 esse
886 1930 948 1991 viri.

360 2023 438 2084 Filia
452 2042 500 2083 me
514 2042 582 2082 mea
595 2022 642 2082 bis
657 2022 751 2099 prima
765 2024 894 2083 secunda
904 2025 1035 2103 juventa,
1137 2062 1139 2066 -

404 2118 465 2178 Sed
479 2135 541 2176 non
556 2136 593 2175 ex
607 2135 668 2175 uno
682 2117 818 2195 conjuge,
834 2116 904 2177 fecit
918 2137 1014 2178 avum.

362 2213 402 2271 Et
414 2211 476 2291 jam
490 2210 653 2286 complerat
666 2208 782 2285 genitor
796 2229 850 2269 sua
861 2211 931 2284 sata,
947 2229 1116 2288 novemque

404 2302 570 2362 Addiderat
584 2301 681 2361 lustris
695 2302 788 2362 altera
801 2304 892 2363 lustra
905 2323 1021 2364 novem.

362 2399 436 2456 Non
451 2394 535 2455 aliter
547 2394 623 2467 flevi,
640 2414 730 2470 quam
744 2414 793 2455 me
807 2396 927 2456 fleturus
942 2399 1094 2458 ademtum

405 2489 460 2548 Ille
474 2487 537 2547 fuit
581 2487 673 2546 Matri
685 2488 820 2565 proxima
832 2492 911 2565 justa
925 2491 986 2550 tuli.

362 2580 479 2642 Felices
494 2582 593 2655 ambo,
610 2580 844 2660 tempestiveque
859 2583 975 2661 sepulti,

406 2677 486 2734 Ante
501 2673 581 2733 diem
595 2693 711 2751 poenae
726 2676 808 2753 quod
822 2677 934 2753 periere
949 2697 1033 2738 meae
1046 2682 1053 2737 l

363 2770 419 2828 Me
434 2786 555 2844 quoque
568 2766 693 2842 felicem,
710 2770 791 2845 quod
806 2789 867 2830 non
882 2770 1051 2831 viventibus
1065 2769 1123 2830 illis

407 2862 479 2920 Sum
493 2859 589 2934 miser,
605 2872 635 2920 et
649 2861 688 2920 de
702 2880 750 2922 me
765 2863 847 2939 quod
861 2864 983 2923 doluere
997 2863 1088 2923 nihil!

362 2952 396 3015 Si
409 2963 509 3013 tamen
525 2952 677 3013 exstinctis
690 2954 802 3031 aliquid
817 2956 874 3015 nisi
888 2955 1012 3016 nomina
1024 2966 1123 3028 restat,

406 3048 445 3107 Et
457 3045 574 3124 gracilis
588 3057 714 3107 structos
728 3049 829 3127 effugit
843 3051 949 3109 umbra
962 3068 1050 3126 rogos
1061 3070 1070 3123 ;

363 3141 467 3214 Fama,
483 3140 658 3216 parentales,
674 3139 698 3201 si
712 3161 765 3201 vos
779 3161 848 3201 mea
861 3142 995 3219 contigit,
1010 3144 1142 3216 umbrae,

406 3234 446 3292 Et
460 3245 528 3293 sunt
542 3232 572 3291 in
588 3234 688 3311 Stygio
703 3234 827 3295 crimina
839 3245 942 3294 nostra
954 3235 1019 3294 soro
1032 3256 1040 3308 3

331 3313 336 3323 ¹
365 3325 457 3399 Scite,
473 3345 586 3403 precor,
601 3345 835 3389 causam—nec
850 3347 904 3388 vos
918 3328 991 3387 mihi
1005 3328 1106 3387 fallere
1120 3328 1164 3387 fas
1178 3336 1273 3387 est-

406 3420 543 3479 Errorem
553 3420 662 3498 jussae,
679 3440 740 3481 non
755 3422 860 3495 scelus,
876 3439 941 3480 esse
955 3421 1049 3497 fugae.

362 3510 509 3572 Manibus
522 3512 582 3572 hoc
596 3513 668 3573 satis
682 3525 734 3574 est
777 3514 826 3573 Ad
841 3533 904 3588 vos,
920 3514 1061 3587 studiosa,
1076 3522 1214 3588 revertor,

405 3606 542 3679 Pectora,
558 3625 635 3682 quae
649 3607 727 3666 vitae
742 3606 882 3683 quaeritis
897 3618 965 3668 acta
976 3626 1070 3667 meae.
1134 3647 1139 3662 .

360 3700 434 3776 Jam
447 3696 520 3757 mihi
534 3699 666 3772 canities,
682 3700 776 3776 pulsis
790 3699 963 3759 melioribus
977 3699 1070 3775 annis,

404 3792 546 3865 Venerat,
562 3791 699 3867 antiquas
714 3792 929 3869 miscueratque
944 3812 1054 3867 eomas,

363 3884 499 3960 Postque
515 3902 598 3945 meos
612 3895 694 3944 ortus
708 3884 813 3944 Pisaea
825 3886 944 3946 vinctus
957 3886 1037 3945 oliva

404 3977 579 4038 Abstulerat
593 3977 693 4038 decies
707 3979 838 4055 praemia
851 3978 947 4040 victor
960 3998 1062 4057 equus,
