3550 4859
398 560 434 621 ⁸²
710 555 758 601 J.
780 554 1037 602 ovibu-nasonis

397 699 532 762 Acrisius
545 708 687 779 superest,
701 699 754 778 qui
767 700 925 763 moenibus
938 709 1038 762 arceat
1050 696 1132 762 urbis

397 793 564 873 Argolicae,
579 803 742 870 contraque
755 795 846 854 deum
858 794 935 854 ierat
947 812 1042 867 arma,-
1053 808 1209 871 genusque

398 890 470 949 Non
483 897 569 965 putet
582 906 649 947 esse
664 888 773 947 deum:
792 886 986 963 nequeenim
999 886 1084 963 Jovis
1098 904 1166 946 esse
1180 882 1306 962 putabat
1332 896 1372 940 σω

399 983 517 1054 Persea,
532 999 623 1057 quem
635 980 738 1057 pluvio
752 981 859 1040 Dana'e‘
872 988 1052 1057 conceperat
1064 996 1145 1039 auro.

397 1075 474 1134 Mox
487 1082 588 1133 tamen
601 1073 890 1133 Acrisium-tanta
902 1083 950 1133 est
962 1070 1132 1150 praesentia
1143 1069 1255 1132 veri-

398 1166 475 1226 Tam
489 1166 617 1225 violasse
630 1166 730 1239 deum,
744 1184 835 1241 quam
849 1184 911 1225 non
924 1184 1053 1243 agnosse
1066 1173 1217 1241 nepotem,
1250 1190 1252 1193 ⁴

398 1256 556 1319 Poenitet:
576 1258 733 1335 impositus
751 1259 814 1337 jam
827 1258 914 1318 coelo
927 1267 974 1317 est
987 1257 1081 1331 alter;
1099 1266 1132 1317 at
1144 1257 1229 1329 alter,

396 1350 521 1428 Viperei
534 1351 665 1411 referens
678 1350 807 1428 spolium
820 1350 1015 1411 memorabile
1029 1349 1164 1423 monstri,

399 1446 481 1504 Aera
494 1444 636 1521 carpebat
649 1453 784 1504 tenerum
798 1442 992 1504 stridentibus
1006 1442 1071 1502 alis.

398 1536 561 1613 Quumque
574 1556 664 1614 snper
677 1537 807 1613 Libycas
819 1537 914 1597 victor
927 1536 1071 1614 penderet
1084 1542 1200 1608 arenas,

398 1629 551 1708 Gorgonei
565 1630 671 1707 capitis
684 1639 785 1708 guttae
798 1630 935 1690 cecidere
948 1638 1088 1690 cruentae
1098 1650 1109 1703 ;

372 1738 374 1741 ·
398 1723 484 1798 Quas
497 1722 605 1784 brunus
618 1733 759 1799 exceptas
772 1722 869 1782 varios
882 1720 1024 1783 animavit
1036 1722 1069 1782 in
1082 1739 1216 1799 angues:

323 1815 327 1824 '
398 1814 492 1875 Unde
505 1816 646 1893 frequens
659 1815 711 1876 illa
723 1825 770 1876 est
783 1814 951 1891 infestaque
964 1824 1042 1876 terra
1055 1814 1194 1876 colubris

399 1906 477 1967 Inde
490 1926 545 1985 per
559 1908 737 1970 immensum
751 1907 851 1968 ventis
865 1907 1052 1968 discordibus
1066 1917 1151 1968 actus

399 2000 490 2060 Nunc
502 2002 570 2075 huc,
585 2020 666 2062 nunc
679 2000 757 2073 illuc,
773 2000 912 2078 exemplo
926 2000 1014 2062 nubis
1028 2018 1159 2076 aquosae

399 2092 513 2167 Fertur,
528 2103 559 2154 et
572 2112 610 2154 ex
622 2094 684 2155 alto
697 2094 838 2154 seductas
852 2094 971 2154 aethere
985 2094 1075 2171 longe

400 2186 565 2262 Despectat
577 2196 682 2260 terras,
697 2196 852 2262 totumque
866 2186 1035 2264 supervolat
1048 2186 1161 2246 orbern.

399 2278 460 2336 Ter
473 2279 588 2357 gelidas
602 2282 721 2353 Arctos,
736 2288 782 2339 ter
795 2278 906 2340 Cancri
919 2278 1040 2339 brachia
1052 2277 1147 2352 vidit;

401 2369 498 2448 Saepe
512 2373 568 2432 sub
581 2392 715 2445 occasus,
730 2390 821 2449 saepe
834 2381 882 2433 est
895 2371 1011 2432 ablatus
1024 2371 1057 2430 in
1069 2381 1171 2446 ortus3

398 2461 529 2543 Jamque
543 2466 670 2526 cadente
683 2465 733 2525 die
746 2464 856 2526 veritus
870 2482 905 2525 se
917 2464 1040 2525 credere
1053 2464 1135 2524 nocti

388 2556 544 2634 ,Constitit
558 2557 720 2635 Hesperio,
734 2557 833 2635 regnis
847 2556 987 2630 Atlantis,
1002 2556 1034 2616 in
1047 2556 1131 2630 orbe,

400 2651 606 2730 Exiguamque
620 2650 696 2727 petit
707 2649 850 2727 requiem,
865 2651 938 2710 dum
951 2649 1071 2710 Lucifer
1084 2649 1170 2728 ignes
1244 2691 1247 2696 ·

400 2744 515 2804 Evocet
529 2745 672 2816 Aurorae,
686 2762 791 2804 cursus
805 2745 924 2804 Aurora
936 2742 1069 2804 diurnos
1179 2768 1181 2771 ·

401 2835 472 2909 Hic,
486 2834 641 2895 hominurn
655 2845 780 2896 cunctos
794 2835 910 2914 ingenti
922 2853 1048 2913 corpore
1062 2843 1225 2912 praestans,

392 2928 606 3006 Iapetionides
620 2928 708 2989 Atlas
721 2929 784 2989 fnit
828 2928 945 2990 Ultima
958 2928 1048 2990 tellus

283 3015 285 3018 ’
400 3023 486 3099 Rege
500 3021 556 3081 sub
570 3021 629 3081 hoc
642 3030 674 3081 et
686 3031 798 3099 pontus
811 3031 883 3096 erat,
898 3021 951 3098 qni
966 3020 1044 3082 Solis
1057 3020 1175 3082 anhelis

402 3115 542 3191 Aequora
556 3113 658 3174 subdit
671 3113 756 3190 equis
770 3123 802 3174 et
814 3114 910 3176 fmsos
923 3113 1036 3191 excipit
1047 3132 1126 3175 axes

309 3270 311 3275 .
400 3204 487 3267 Mille
500 3224 607 3286 greges
621 3206 665 3268 illi
677 3207 864 3284 totidemque
877 3216 1013 3268 armenta
1025 3225 1080 3285 per
1092 3206 1201 3270 herbas

401 3301 557 3373 Errabant,
572 3311 603 3360 et
616 3300 740 3360 humum
753 3299 863 3362 vicinia
875 3300 959 3360 nulla
972 3300 1167 3377 premebant3

401 3392 555 3453 Arboreae
568 3392 691 3454 frondes
704 3412 777 3453 auro
790 3391 926 3454 radiante
939 3393 1070 3454 nitentes

402 3487 450 3545 Ex
462 3504 533 3546 auro
546 3504 654 3559 ramos,
669 3504 707 3546 ex
719 3505 792 3546 auro
804 3504 896 3563 poma
909 3487 1059 3565 tegebant

402 3580 536 3657 Hospes,
551 3578 592 3639 ait
606 3581 733 3638 Perseus
747 3578 799 3651 illi,
815 3597 867 3638 seu
880 3579 976 3656 gloria
989 3578 1084 3658 tangit

402 3671 448 3730 Te
461 3669 579 3749 generis
593 3670 702 3749 magni,
716 3670 834 3749 generis
848 3671 921 3731 milri
934 3671 1050 3748 Jupiter
1062 3680 1186 3748 auctor3
1255 3662 1257 3665 ¹
1338 3685 1378 3734 ⁶⁴0

400 3763 473 3825 Sive
487 3782 520 3824 es
534 3762 655 3825 mirator
667 3782 775 3837 rernm,
789 3762 934 3826 mirabere
947 3775 1085 3826 nostras:

403 3855 589 3934 Hospitium,
603 3857 796 3933 requiemque
809 3866 889 3934 peto.
932 3858 1052 3917 Memor
1065 3856 1116 3918 ille
1129 3867 1265 3920 vetustae
1384 3865 1390 3880 “
1458 3917 1462 3924 .

403 3949 497 4012 Sortis
510 3959 591 4011 erat:
610 3949 735 4012 Themis
747 3951 827 4013 hanc
839 3950 965 4012 dederat
978 3950 1120 4013 Parnasia
1131 3961 1261 4014 sortem:
