3550 4859
443 554 500 609 114
757 554 783 596 r.
802 553 935 596 virumn
958 554 1100 598 maronis

441 696 579 757 Necdum
594 694 682 760 etiam
696 717 817 758 caussae
831 697 938 757 irarum
953 697 1091 776 saevique
1106 700 1225 760 dolores

441 790 621 850 Exciderant
634 790 752 850 animo:
772 801 873 851 manet
886 792 947 849 alta
960 802 1060 851 mente
1074 802 1226 868 repostum

439 882 589 959 Judicium
605 881 718 942 Paridis
732 895 908 961 spretaeque
922 883 1027 960 injuria
1042 885 1161 959 formae,

441 978 481 1036 Et
493 995 586 1052 genua
600 974 736 1051 invisum,
752 987 783 1036 et
795 976 872 1056 rapti
886 976 1070 1054 Ganymedis
1083 978 1230 1054 honorcs;

442 1068 501 1128 His
516 1085 642 1128 accensa
656 1087 744 1145 super
754 1070 882 1145 jactatos
897 1088 1025 1146 aequore
1040 1080 1105 1130 toto
1143 1085 1146 1089 ·

441 1164 536 1220 Troas
550 1160 687 1238 reliquias
703 1163 840 1220 Danaum
855 1172 944 1238 atque
959 1161 1078 1222 immitis
1093 1163 1211 1239 Achilli,

442 1256 573 1314 Arcebat
587 1255 675 1331 longe
690 1255 786 1328 Latio,
802 1256 970 1332 multosque
984 1275 1038 1333 per
1051 1276 1146 1316 annos

442 1349 595 1420 Errabant,
611 1346 669 1406 acti
683 1348 758 1421 fatis,
775 1349 866 1407 maria
880 1349 982 1408 omnia
995 1348 1112 1409 circum.

441 1443 557 1500 Tantae
571 1440 657 1499 molis
672 1450 734 1499 erat
748 1443 917 1500 Romanam
932 1444 1060 1503 condere
1074 1455 1201 1520 gentem.

387 1561 391 1573 ·
481 1532 540 1591 Vix
554 1552 571 1591 e
585 1544 747 1609 conspectu
762 1535 876 1594 Siculae
892 1534 1002 1595 telluris
1017 1535 1046 1594 in
1063 1538 1155 1596 altum

441 1626 518 1684 Vela
532 1626 643 1685 dabant
657 1625 735 1700 laeti,
751 1636 781 1686 et
796 1646 914 1703 spumas
928 1628 998 1696 salis
1012 1649 1078 1688 aere
1093 1631 1226 1703 ruebant,

442 1718 542 1792 Quum
557 1720 645 1794 Juno‚
661 1731 813 1779 aeternum
828 1741 950 1782 servans
964 1722 1020 1781 sub
1034 1732 1155 1799 pectore
1169 1724 1285 1797 vulnus,

443 1813 530 1869 Haec
545 1829 665 1871 secum:
686 1813 779 1872 Mene
793 1811 914 1889 incepto
928 1812 1068 1873 desistere
1082 1814 1200 1887 victam,

442 1907 508 1964 Nec
522 1922 610 1981 posse
626 1903 714 1963 Italia
727 1906 909 1965 Teucrorum
923 1918 1053 1967 avertere
1067 1910 1185 1984 regern?

442 1998 563 2075 Quippe
577 2008 662 2057 vetor
674 1998 749 2058 satis.
793 2000 929 2060 Pallasne
944 2018 1063 2060 exurere
1078 2001 1205 2061 classem

281 2117 285 2125 ·
355 2140 358 2145 .
442 2090 587 2169 Argivum
601 2095 691 2168 atque
705 2090 786 2168 ipsos
800 2093 897 2169 potuit
911 2094 1097 2170 submergere
1111 2104 1215 2170 ponto,

442 2183 542 2243 Unius
557 2184 597 2244 ob
611 2202 721 2243 noxam
735 2196 765 2245 et
778 2185 866 2246 furias
880 2185 983 2262 Ajaeis
996 2185 1094 2247 Oilei?

442 2280 523 2355 Ipsa,
538 2276 622 2355 Jovis
635 2278 771 2355 rapidum
782 2280 913 2358 jaculata
926 2299 944 2339 e
958 2278 1087 2340 nubibus
1101 2279 1210 2359 ignem,

442 2369 627 2451 Disjecitque
642 2381 718 2432 rates
733 2371 895 2449 evertitque
910 2392 1038 2449 aequora
1052 2374 1157 2447 ventis,

443 2465 532 2523 Illum
547 2463 744 2541 exspirantem
758 2467 898 2525 transfixo
912 2477 1033 2542 pectore
1046 2467 1180 2526 flammas
1277 2529 1280 2534 ,

442 2558 574 2618 Turbine
588 2557 728 2636 corripuit
742 2560 925 2637 scopuloque
939 2559 1033 2621 infixit
1047 2570 1156 2635 aeuto;
1353 2555 1357 2564 '

441 2656 500 2712 Ast
513 2672 579 2731 ego,
596 2672 672 2729 quae
686 2652 788 2711 divum
802 2652 909 2740 incedo
924 2654 1032 2730 regina,
1046 2652 1191 2730 Jovisque

443 2749 481 2806 Et
496 2765 579 2807 soror
592 2758 622 2806 et
636 2748 754 2823 conjux,
770 2766 910 2806 unacum
924 2758 1013 2823 gente
1027 2757 1072 2808 tot
1086 2765 1181 2806 annos
1234 2821 1237 2828 Ι

442 2842 526 2901 Bella
538 2860 617 2919 gero.
663 2842 702 2899 Et
716 2841 871 2917 quisquam
885 2860 996 2900 numen
1009 2839 1137 2917 Junonis
1152 2840 1258 2902 adorat

442 2937 607 3008 Praeterea,
623 2944 673 2993 aut
686 2934 810 3011 supplex
824 2932 881 2992 aris
895 2933 1021 3010 imponit
1034 2934 1200 2993 honorem?

474 3028 569 3094 ‚Talia
582 3028 732 3087 flammato
747 3046 847 3086 secum
861 3026 919 3087 dea
931 3027 1021 3087 corde
1035 3028 1173 3086 volutans

442 3121 622 3181 Nimborum
636 3119 667 3178 in
681 3118 814 3197 patriam,
831 3120 898 3179 loca
911 3120 971 3179 seta
984 3118 1149 3179 furentibus
1162 3116 1278 3192 austris,

442 3213 580 3273 Aeoliam
594 3212 682 3273 venit.
726 3213 788 3272 Hic
802 3223 887 3272 vasto
900 3232 952 3272 rex
966 3213 1078 3272 Aeolus
1093 3222 1179 3271 antro

441 3308 604 3367 Luctantes
618 3316 723 3367 ventos
738 3316 990 3383 tempestatesque
1004 3324 1127 3366 sonoras

442 3404 573 3480 Imperio
588 3403 694 3481 premit
708 3422 744 3462 ac
756 3401 861 3462 vinclis
875 3414 906 3462 et
919 3422 1035 3463 carcere
1049 3403 1152 3464 frenat

441 3496 492 3557 Illi
505 3496 694 3575 indignantes
707 3514 816 3572 magno
831 3514 898 3555 cum
909 3514 1056 3555 murmure
1069 3494 1180 3554 montis

441 3588 562 3650 Circum
577 3590 704 3649 claustra
717 3590 864 3663 fremunt;
883 3589 964 3648 celsa
978 3589 1061 3649 sedet
1076 3589 1190 3647 Aeolus
1203 3606 1272 3648 arce

443 3684 567 3760 Sceptra
580 3692 693 3756 tenens,
709 3681 863 3758 mollitque
878 3681 993 3742 animos
1006 3692 1036 3741 et
1050 3690 1196 3759 temperat
1209 3679 1287 3757 irasj

442 3775 484 3835 Ni
498 3776 594 3850 saciat,
610 3776 703 3835 maria
716 3794 751 3835 ac
765 3785 855 3834 terras
870 3775 1046 3852 coelumque
1060 3775 1240 3852 profundum

443 3857 563 3945 Quippe'
577 3869 671 3929 ferant
684 3867 780 3945 rapidi
794 3886 896 3928 secum
910 3878 1084 3944 verrantque
1098 3887 1152 3945 per
1165 3886 1259 3928 auras.

442 3963 501 4023 Sed
516 3972 600 4040 pater
612 3961 802 4039 omnipotens
816 3960 965 4039 speluncis
979 3960 1094 4022 abdidit
1107 3961 1185 4036 atris,
1289 4017 1292 4022 ,
