3550 4859
728 567 886 613 ammons
908 567 967 613 2113.
990 568 1036 613 111.

760 886 908 948 LIBER
934 888 1010 948 111.

402 1090 572 1157 Posrounu
587 1102 633 1144 res
648 1081 738 1143 Asiae
753 1082 922 1161 Priamique
936 1095 1067 1146 evertere
1080 1095 1201 1165 gentem

402 1178 583 1241 Immeritam
596 1176 692 1236 visum
707 1175 835 1253 Superis,
850 1176 1018 1255 ceciditque
1033 1180 1192 1256 superbum
1222 1216 1224 1222 ·

401 1273 491 1333 Ilium
506 1282 535 1331 et
549 1268 646 1330 omnis
660 1270 751 1329 humo
766 1270 857 1330 sumat
871 1272 1026 1347 Neptunia
1039 1273 1139 1348 Troia,

402 1365 526 1424 Diversa
540 1362 642 1425 exsilia
655 1373 685 1421 et
699 1363 829 1422 desertas
844 1360 983 1439 quaerere
998 1373 1088 1423 terras
1129 1375 1133 1382 '

401 1456 539 1533 Auguriis
554 1455 666 1533 agimur
679 1455 787 1529 divum,
804 1457 987 1532 classemque
1002 1457 1058 1517 sub
1073 1456 1138 1533 ipsa

400 1551 555 1609 Antandro
570 1559 600 1609 et
614 1548 756 1625 Phrygiae
770 1548 908 1608 molimur
921 1548 1072 1609 montibus
1086 1550 1169 1623 Idae,

401 1642 519 1715 Incerti,
536 1661 595 1718 quo
610 1643 669 1701 fata
683 1643 785 1715 ferant,
800 1640 851 1701 ubi
865 1641 968 1702 sistere
983 1644 1076 1717 detur,

401 1734 668 1811 Contrahimusque
681 1734 766 1793 viros.
803 1734 862 1794 Vix
875 1734 970 1813 prima
984 1735 1134 1813 inceperat
1148 1745 1253 1811 aestas,

401 1829 440 1887 Et
453 1838 537 1905 pater
550 1827 697 1887 Anchises
711 1828 781 1887 dare
795 1828 862 1887 fatis
875 1830 943 1889 vela
955 1829 1098 1905 jubebat3

400 1920 501 1979 Litora
515 1940 606 1997 quum
620 1920 731 1997 patriae
745 1921 901 1982 lacrimans
915 1932 1077 2000 portusque
1091 1923 1225 2000 relinquo

401 2014 440 2073 Et
454 2032 582 2091 campos,
598 2013 649 2074 ubi
663 2015 754 2089 Troja
767 2014 829 2074 suit.
873 2017 965 2075 Feror
977 2017 1060 2076 exsul
1073 2015 1104 2075 in
1119 2017 1210 2076 altum

400 2107 478 2167 Cum
492 2104 579 2166 sociis
593 2116 723 2182 natoque
739 2106 899 2167 Penatibus
914 2118 944 2167 et
957 2108 1071 2186 magnis
1085 2109 1137 2169 dis.

313 2189 316 2196 ’
440 2201 531 2258 Terra
543 2199 646 2275 procul
661 2199 751 2259 vastis
765 2200 871 2260 colitiu
885 2202 1034 2261 Mavortia
1047 2202 1170 2280 campis,

399 2292 531 2351 Thraces
546 2302 637 2365 arant,
653 2291 712 2351 acri
727 2293 879 2369 quondam
892 2305 1015 2371 regnata
1029 2297 1172 2373 Lycurgo,

400 2384 573 2462 Hospitium
588 2384 741 2461 antiquum
756 2387 865 2463 Trojae
880 2386 1012 2463 sociique
1027 2390 1163 2462 Penates,

399 2480 480 2538 Dum
495 2479 611 2538 fortuna
624 2477 685 2537 fuit
729 2480 821 2538 Feror
832 2478 900 2553 huc,
915 2490 945 2539 et
959 2479 1044 2540 litore
1059 2499 1150 2541 curvo

399 2570 524 2631 Moenia
537 2570 631 2648 prima
645 2572 722 2645 loco,
738 2570 804 2632 fatis
818 2572 966 2650 ingressus
980 2572 1098 2650 iniquis,

397 2665 614 2741 Aeneadasque
628 2684 696 2724 meo
711 2683 821 2725 nomen
836 2665 874 2724 de
888 2665 1009 2726 nomine
1023 2668 1112 2744 fingo.

440 2759 529 2818 Sacra
544 2756 697 2817 Dionaeae
711 2757 796 2817 matri
810 2756 945 2835 divisque
959 2758 1089 2819 ferebam

399 2849 577 2927 Auspicibus
592 2861 768 2926 coeptorum
779 2870 910 2928 operum,
926 2869 1092 2928 superoque
1108 2850 1251 2914 nitentem

398 2943 583 3003 Coelicolum
597 2943 658 3020 regi
672 2944 839 3003 mactabam
853 2943 883 3003 in
897 2944 982 3004 litore
997 2954 1120 3004 taurum.

397 3037 486 3096 Forte
501 3036 554 3096 fuit
565 3038 650 3113 juxta
664 3036 801 3110 tumulus,
817 3055 878 3113 quo
892 3056 1000 3098 cornea
1014 3056 1130 3098 summo

396 3129 533 3206 Virgulta
543 3140 576 3188 et
591 3128 690 3189 densis
704 3128 858 3189 hastilibus
872 3129 991 3189 horrida
1004 3141 1123 3208 myrtus.

397 3222 529 3296 Accessi,
545 3222 726 3298 viridemque
741 3223 779 3283 ab
793 3222 885 3282 humo
899 3223 1065 3284 convellere
1080 3222 1183 3285 silvam

398 3315 539 3391 Conatus,
555 3315 642 3375 ramis
657 3326 785 3393 tegerem
800 3325 831 3375 ut
846 3315 1050 3376 frondentibus
1064 3336 1138 3392 aras,

399 3408 591 3467 Horrendum
605 3419 635 3469 et
649 3409 732 3470 dictu
745 3408 833 3468 video
847 3409 981 3470 mirabile
996 3421 1168 3471 monstrum

398 3500 486 3572 Nam,
503 3519 579 3575 quae
593 3500 688 3577 prima
702 3504 766 3563 solo
779 3502 872 3580 ruptis
885 3501 1035 3563 radicibus
1049 3503 1136 3563 arbos

396 3591 531 3666 Vellitur,
547 3592 615 3652 huic
630 3605 694 3654 atro
709 3594 859 3670 liquuntur
872 3594 1016 3674 sanguine
1029 3606 1130 3673 guttae

397 3687 437 3745 Et
451 3697 556 3745 terram
572 3687 642 3745 tabo
656 3687 812 3746 maculant
856 3686 940 3754 Mihi,
948 3688 1069 3767 frigidus
1083 3688 1187 3748 horror

398 3780 536 3838 Membra
551 3779 655 3857 quatit,
667 3779 841 3856 gelidusque
856 3779 916 3841 coit
930 3781 1087 3841 formidine
1102 3780 1227 3860 sanguis.

398 3872 512 3930 Rursus
527 3882 557 3931 et
571 3871 689 3932 alterius
703 3874 815 3932 lentum
830 3873 995 3934 convellere
1009 3873 1109 3935 vimen

399 3964 546 4040 Insequor
559 3974 589 4024 et
603 3984 721 4025 caussas
735 3965 852 4042 penitus
867 3976 980 4026 tentare
994 3967 1138 4029 latentes:

395 4056 470 4118 Ater
483 4065 517 4124 et¹
526 4057 645 4120 alterius
658 4057 790 4137 sequitur
802 4059 841 4122 de
854 4058 966 4124 cortioe
979 4059 1106 4139 sanguis

1348 2416 1371 2454 ¹⁵

1347 2883 1371 2911 w

1348 3347 1372 3386 ²5

1347 3814 1371 3851 30
