<?xml version="1.0" encoding="UTF-8"?>
<!DOCTYPE html PUBLIC "-//W3C//DTD XHTML 1.0 Transitional//EN"
    "http://www.w3.org/TR/xhtml1/DTD/xhtml1-transitional.dtd">
<html xmlns="http://www.w3.org/1999/xhtml" xml:lang="en" lang="en">
 <head>
  <title>
</title>
<meta http-equiv="Content-Type" content="text/html;charset=utf-8" />
  <meta name='ocr-system' content='tesseract 3.04.00' />
  <meta name='ocr-capabilities' content='ocr_page ocr_carea ocr_par ocr_line ocrx_word'/>
</head>
<body>
  <div class='ocr_page' id='page_1' title='image "./selectionsfromo00rolfgoog_0101.png"; bbox 0 0 3550 4859; ppageno 0'>
   <div class='ocr_carea' id='block_1_1' title="bbox 732 576 1082 644">
    <p class='ocr_par' dir='ltr' id='par_1_1' title="bbox 732 576 1082 644">
     <span class='ocr_line' id='line_1_1' title="bbox 732 576 1082 644; baseline -0.009 -13"><span class='ocrx_word' id='word_1_1' title='bbox 732 576 916 631; x_wconf 70' lang='lat' dir='ltr'>bonnoscort</span> <span class='ocrx_word' id='word_1_2' title='bbox 936 585 1000 629; x_wconf 79' lang='lat' dir='ltr'>ura·</span> <span class='ocrx_word' id='word_1_3' title='bbox 1014 585 1035 629; x_wconf 89' lang='lat' dir='ltr'>r.</span> <span class='ocrx_word' id='word_1_4' title='bbox 1080 640 1082 644; x_wconf 23' lang='lat'>¹</span> 
     </span>
    </p>
   </div>
   <div class='ocr_carea' id='block_1_2' title="bbox 328 729 1274 4067">
    <p class='ocr_par' dir='ltr' id='par_1_2' title="bbox 397 729 1143 811">
     <span class='ocr_line' id='line_1_2' title="bbox 397 729 1143 811; baseline -0.009 -14"><span class='ocrx_word' id='word_1_5' title='bbox 397 733 567 797; x_wconf 88' lang='lat' dir='ltr'>Deucalion</span> <span class='ocrx_word' id='word_1_6' title='bbox 581 747 708 793; x_wconf 84' lang='lat' dir='ltr'>vacuum</span> <span class='ocrx_word' id='word_1_7' title='bbox 722 729 837 809; x_wconf 82' lang='lat' dir='ltr'>lapides</span> <span class='ocrx_word' id='word_1_8' title='bbox 847 730 972 811; x_wconf 84' lang='lat' dir='ltr'>jactavit</span> <span class='ocrx_word' id='word_1_9' title='bbox 984 730 1017 790; x_wconf 90' lang='lat' dir='ltr'>in</span> <span class='ocrx_word' id='word_1_10' title='bbox 1030 730 1143 805; x_wconf 83' lang='lat' dir='ltr'>orbem,</span> 
     </span>
    </p>

    <p class='ocr_par' dir='ltr' id='par_1_3' title="bbox 396 819 1274 902">
     <span class='ocr_line' id='line_1_3' title="bbox 396 819 1274 902; baseline -0.005 -11"><span class='ocrx_word' id='word_1_11' title='bbox 396 829 491 891; x_wconf 89' lang='lat' dir='ltr'>Unde</span> <span class='ocrx_word' id='word_1_12' title='bbox 504 819 642 887; x_wconf 85' lang='lat' dir='ltr'>hornlnes</span> <span class='ocrx_word' id='word_1_13' title='bbox 656 826 728 899; x_wconf 81' lang='lat' dir='ltr'>nati,</span> <span class='ocrx_word' id='word_1_14' title='bbox 743 826 849 885; x_wconf 83' lang='lat' dir='ltr'>durum</span> <span class='ocrx_word' id='word_1_15' title='bbox 863 843 965 902; x_wconf 89' lang='lat' dir='ltr'>genus.</span> <span class='ocrx_word' id='word_1_16' title='bbox 1008 826 1088 902; x_wconf 83' lang='lat' dir='ltr'>Ergo</span> <span class='ocrx_word' id='word_1_17' title='bbox 1101 843 1165 902; x_wconf 86' lang='lat' dir='ltr'>age,</span> <span class='ocrx_word' id='word_1_18' title='bbox 1180 833 1274 888; x_wconf 85' lang='lat' dir='ltr'>terrae</span> 
     </span>
    </p>

    <p class='ocr_par' dir='ltr' id='par_1_4' title="bbox 396 916 1186 999">
     <span class='ocr_line' id='line_1_4' title="bbox 396 916 1186 999; baseline -0.005 -18"><span class='ocrx_word' id='word_1_19' title='bbox 396 920 513 999; x_wconf 81' lang='lat' dir='ltr'>Pingue</span> <span class='ocrx_word' id='word_1_20' title='bbox 527 918 624 980; x_wconf 84' lang='lat' dir='ltr'>solum</span> <span class='ocrx_word' id='word_1_21' title='bbox 637 916 740 995; x_wconf 87' lang='lat' dir='ltr'>primis</span> <span class='ocrx_word' id='word_1_22' title='bbox 753 919 904 995; x_wconf 85' lang='lat' dir='ltr'>externplo</span> <span class='ocrx_word' id='word_1_23' title='bbox 917 937 936 977; x_wconf 86' lang='lat' dir='ltr'>a</span> <span class='ocrx_word' id='word_1_24' title='bbox 950 916 1101 978; x_wconf 88' lang='lat' dir='ltr'>mensibus</span> <span class='ocrx_word' id='word_1_25' title='bbox 1115 916 1186 978; x_wconf 91' lang='lat' dir='ltr'>anni</span> 
     </span>
    </p>

    <p class='ocr_par' dir='ltr' id='par_1_5' title="bbox 397 1010 1102 1090">
     <span class='ocr_line' id='line_1_5' title="bbox 397 1010 1102 1090; baseline -0.006 -15"><span class='ocrx_word' id='word_1_26' title='bbox 397 1016 504 1075; x_wconf 84' lang='lat' dir='ltr'><strong>Fortes</strong></span> <span class='ocrx_word' id='word_1_27' title='bbox 518 1012 664 1074; x_wconf 84' lang='lat' dir='ltr'>invertant</span> <span class='ocrx_word' id='word_1_28' title='bbox 677 1010 761 1085; x_wconf 83' lang='lat' dir='ltr'>tauri,</span> <span class='ocrx_word' id='word_1_29' title='bbox 775 1012 956 1088; x_wconf 79' lang='lat' dir='ltr'>glaebasque</span> <span class='ocrx_word' id='word_1_30' title='bbox 967 1011 1102 1090; x_wconf 88' lang='lat' dir='ltr'>jacentes</span> 
     </span>
    </p>

    <p class='ocr_par' dir='ltr' id='par_1_6' title="bbox 398 1103 1148 1181">
     <span class='ocr_line' id='line_1_6' title="bbox 398 1103 1148 1181; baseline -0.004 -14"><span class='ocrx_word' id='word_1_31' title='bbox 398 1105 610 1167; x_wconf 89' lang='lat' dir='ltr'>Pulverulenta</span> <span class='ocrx_word' id='word_1_32' title='bbox 622 1113 733 1181; x_wconf 89' lang='lat' dir='ltr'>coquat</span> <span class='ocrx_word' id='word_1_33' title='bbox 745 1103 868 1163; x_wconf 89' lang='lat' dir='ltr'>maturis</span> <span class='ocrx_word' id='word_1_34' title='bbox 882 1103 996 1163; x_wconf 88' lang='lat' dir='ltr'>solibus</span> <span class='ocrx_word' id='word_1_35' title='bbox 1009 1114 1125 1178; x_wconf 45' lang='lat' dir='ltr'>aest&amp;</span> <span class='ocrx_word' id='word_1_36' title='bbox 1141 1110 1148 1123; x_wconf 67' lang='lat'>²</span> 
     </span>
    </p>

    <p class='ocr_par' dir='ltr' id='par_1_7' title="bbox 341 1196 1090 1273">
     <span class='ocr_line' id='line_1_7' title="bbox 341 1196 1090 1273; baseline -0.005 -13"><span class='ocrx_word' id='word_1_37' title='bbox 341 1201 351 1219; x_wconf 79' lang='lat'><em>⁶</em></span> <span class='ocrx_word' id='word_1_38' title='bbox 398 1201 441 1260; x_wconf 84' lang='lat' dir='ltr'>At</span> <span class='ocrx_word' id='word_1_39' title='bbox 455 1199 555 1259; x_wconf 91' lang='lat' dir='ltr'>sinon</span> <span class='ocrx_word' id='word_1_40' title='bbox 569 1198 656 1258; x_wconf 84' lang='lat' dir='ltr'>suerit</span> <span class='ocrx_word' id='word_1_41' title='bbox 670 1198 756 1257; x_wconf 89' lang='lat' dir='ltr'>tellus</span> <span class='ocrx_word' id='word_1_42' title='bbox 770 1196 906 1270; x_wconf 85' lang='lat' dir='ltr'>secunda,</span> <span class='ocrx_word' id='word_1_43' title='bbox 923 1198 978 1256; x_wconf 90' lang='lat' dir='ltr'>sub</span> <span class='ocrx_word' id='word_1_44' title='bbox 991 1196 1090 1273; x_wconf 90' lang='lat' dir='ltr'>ipsum</span> 
     </span>
    </p>

    <p class='ocr_par' dir='ltr' id='par_1_8' title="bbox 398 1290 1091 1371">
     <span class='ocr_line' id='line_1_8' title="bbox 398 1290 1091 1371; baseline -0.004 -18"><span class='ocrx_word' id='word_1_45' title='bbox 398 1295 559 1353; x_wconf 85' lang='lat' dir='ltr'>Arcturum</span> <span class='ocrx_word' id='word_1_46' title='bbox 570 1290 651 1352; x_wconf 90' lang='lat' dir='ltr'>tenui</span> <span class='ocrx_word' id='word_1_47' title='bbox 666 1301 711 1350; x_wconf 86' lang='lat' dir='ltr'>sat</span> <span class='ocrx_word' id='word_1_48' title='bbox 725 1290 779 1351; x_wconf 91' lang='lat' dir='ltr'>erit</span> <span class='ocrx_word' id='word_1_49' title='bbox 793 1290 974 1367; x_wconf 82' lang='lat' dir='ltr'>suspendere</span> <span class='ocrx_word' id='word_1_50' title='bbox 989 1290 1091 1371; x_wconf 88' lang='lat' dir='ltr'>sulco:</span> 
     </span>
    </p>

    <p class='ocr_par' dir='ltr' id='par_1_9' title="bbox 400 1382 1055 1461">
     <span class='ocr_line' id='line_1_9' title="bbox 400 1382 1055 1461; baseline -0.006 -16"><span class='ocrx_word' id='word_1_51' title='bbox 400 1385 477 1460; x_wconf 87' lang='lat' dir='ltr'>Illic,</span> <span class='ocrx_word' id='word_1_52' title='bbox 493 1384 626 1446; x_wconf 89' lang='lat' dir='ltr'>officiant</span> <span class='ocrx_word' id='word_1_53' title='bbox 640 1384 726 1445; x_wconf 87' lang='lat' dir='ltr'>laetis</span> <span class='ocrx_word' id='word_1_54' title='bbox 739 1402 778 1445; x_wconf 90' lang='lat' dir='ltr'>ue</span> <span class='ocrx_word' id='word_1_55' title='bbox 791 1382 922 1461; x_wconf 81' lang='lat' dir='ltr'>frugibus</span> <span class='ocrx_word' id='word_1_56' title='bbox 936 1383 1055 1457; x_wconf 86' lang='lat' dir='ltr'>herbae,</span> 
     </span>
    </p>

    <p class='ocr_par' dir='ltr' id='par_1_10' title="bbox 400 1477 1200 1555">
     <span class='ocr_line' id='line_1_10' title="bbox 400 1477 1200 1555; baseline 0 -17"><span class='ocrx_word' id='word_1_57' title='bbox 400 1478 471 1553; x_wconf 87' lang='lat' dir='ltr'>Hic,</span> <span class='ocrx_word' id='word_1_58' title='bbox 488 1479 618 1539; x_wconf 90' lang='lat' dir='ltr'>sterilem</span> <span class='ocrx_word' id='word_1_59' title='bbox 632 1477 754 1555; x_wconf 88' lang='lat' dir='ltr'>exiguus</span> <span class='ocrx_word' id='word_1_60' title='bbox 768 1495 807 1538; x_wconf 86' lang='lat' dir='ltr'>ne</span> <span class='ocrx_word' id='word_1_61' title='bbox 821 1478 939 1537; x_wconf 83' lang='lat' dir='ltr'>deserat</span> <span class='ocrx_word' id='word_1_62' title='bbox 952 1477 1061 1535; x_wconf 87' lang='lat' dir='ltr'>humor</span> <span class='ocrx_word' id='word_1_63' title='bbox 1073 1494 1200 1538; x_wconf 80' lang='lat' dir='ltr'>arenam</span> 
     </span>
    </p>

    <p class='ocr_par' dir='ltr' id='par_1_11' title="bbox 382 1570 1055 1644">
     <span class='ocr_line' id='line_1_11' title="bbox 382 1570 1055 1644; baseline -0.006 -12"><span class='ocrx_word' id='word_1_64' title='bbox 382 1574 387 1584; x_wconf 92' lang='lat'>&#39;</span> <span class='ocrx_word' id='word_1_65' title='bbox 439 1572 572 1632; x_wconf 86' lang='lat' dir='ltr'>Alternis</span> <span class='ocrx_word' id='word_1_66' title='bbox 585 1571 666 1631; x_wconf 86' lang='lat' dir='ltr'>idern</span> <span class='ocrx_word' id='word_1_67' title='bbox 680 1582 782 1644; x_wconf 78' lang='lat' dir='ltr'>tonsas</span> <span class='ocrx_word' id='word_1_68' title='bbox 796 1586 911 1631; x_wconf 89' lang='lat' dir='ltr'>cessare</span> <span class='ocrx_word' id='word_1_69' title='bbox 924 1570 1055 1644; x_wconf 89' lang='lat' dir='ltr'>novales,</span> 
     </span>
    </p>

    <p class='ocr_par' dir='ltr' id='par_1_12' title="bbox 402 1662 1116 1742">
     <span class='ocr_line' id='line_1_12' title="bbox 402 1662 1116 1742; baseline -0.003 -17"><span class='ocrx_word' id='word_1_70' title='bbox 402 1666 441 1725; x_wconf 85' lang='lat' dir='ltr'>Et</span> <span class='ocrx_word' id='word_1_71' title='bbox 454 1684 577 1742; x_wconf 87' lang='lat' dir='ltr'>segnem</span> <span class='ocrx_word' id='word_1_72' title='bbox 591 1663 702 1742; x_wconf 90' lang='lat' dir='ltr'>patiere</span> <span class='ocrx_word' id='word_1_73' title='bbox 717 1662 774 1723; x_wconf 86' lang='lat' dir='ltr'>situ</span> <span class='ocrx_word' id='word_1_74' title='bbox 789 1663 945 1724; x_wconf 87' lang='lat' dir='ltr'>durescere</span> <span class='ocrx_word' id='word_1_75' title='bbox 958 1681 1116 1741; x_wconf 89' lang='lat' dir='ltr'>campurn;</span> 
     </span>
    </p>

    <p class='ocr_par' dir='ltr' id='par_1_13' title="bbox 400 1756 1038 1830">
     <span class='ocr_line' id='line_1_13' title="bbox 400 1756 1038 1830; baseline -0.005 -13"><span class='ocrx_word' id='word_1_76' title='bbox 400 1760 462 1817; x_wconf 87' lang='lat' dir='ltr'>Aut</span> <span class='ocrx_word' id='word_1_77' title='bbox 476 1757 519 1817; x_wconf 91' lang='lat' dir='ltr'>ibi</span> <span class='ocrx_word' id='word_1_78' title='bbox 532 1757 610 1817; x_wconf 89' lang='lat' dir='ltr'>flava</span> <span class='ocrx_word' id='word_1_79' title='bbox 624 1775 703 1817; x_wconf 88' lang='lat' dir='ltr'>seres</span> <span class='ocrx_word' id='word_1_80' title='bbox 716 1766 830 1816; x_wconf 88' lang='lat' dir='ltr'>mutato</span> <span class='ocrx_word' id='word_1_81' title='bbox 844 1756 941 1815; x_wconf 84' lang='lat' dir='ltr'>sidere</span> <span class='ocrx_word' id='word_1_82' title='bbox 954 1757 1038 1830; x_wconf 83' lang='lat' dir='ltr'>farra,</span> 
     </span>
    </p>

    <p class='ocr_par' dir='ltr' id='par_1_14' title="bbox 401 1848 1157 1928">
     <span class='ocr_line' id='line_1_14' title="bbox 401 1848 1157 1928; baseline -0.005 -16"><span class='ocrx_word' id='word_1_83' title='bbox 401 1852 494 1913; x_wconf 90' lang='lat' dir='ltr'>Unde</span> <span class='ocrx_word' id='word_1_84' title='bbox 508 1850 589 1928; x_wconf 89' lang='lat' dir='ltr'>prius</span> <span class='ocrx_word' id='word_1_85' title='bbox 603 1851 712 1909; x_wconf 87' lang='lat' dir='ltr'>laetum</span> <span class='ocrx_word' id='word_1_86' title='bbox 728 1848 834 1926; x_wconf 90' lang='lat' dir='ltr'>siliqua</span> <span class='ocrx_word' id='word_1_87' title='bbox 846 1859 1006 1925; x_wconf 88' lang='lat' dir='ltr'>quassante</span> <span class='ocrx_word' id='word_1_88' title='bbox 1021 1850 1157 1927; x_wconf 89' lang='lat' dir='ltr'>legumen</span> 
     </span>
    </p>

    <p class='ocr_par' dir='ltr' id='par_1_15' title="bbox 401 1940 1049 2019">
     <span class='ocr_line' id='line_1_15' title="bbox 401 1940 1049 2019; baseline -0.006 -15"><span class='ocrx_word' id='word_1_89' title='bbox 401 1947 464 2004; x_wconf 89' lang='lat' dir='ltr'>Aut</span> <span class='ocrx_word' id='word_1_90' title='bbox 479 1942 576 2004; x_wconf 90' lang='lat' dir='ltr'>tenuis</span> <span class='ocrx_word' id='word_1_91' title='bbox 590 1944 667 2002; x_wconf 81' lang='lat' dir='ltr'>letus</span> <span class='ocrx_word' id='word_1_92' title='bbox 680 1942 774 2001; x_wconf 90' lang='lat' dir='ltr'>viciae</span> <span class='ocrx_word' id='word_1_93' title='bbox 788 1941 939 2018; x_wconf 87' lang='lat' dir='ltr'>tristisque</span> <span class='ocrx_word' id='word_1_94' title='bbox 954 1940 1049 2019; x_wconf 91' lang='lat' dir='ltr'>lupini</span> 
     </span>
    </p>

    <p class='ocr_par' dir='ltr' id='par_1_16' title="bbox 402 2034 1192 2114">
     <span class='ocr_line' id='line_1_16' title="bbox 402 2034 1192 2114; baseline -0.003 -17"><span class='ocrx_word' id='word_1_95' title='bbox 402 2036 561 2098; x_wconf 90' lang='lat' dir='ltr'>Sustuleris</span> <span class='ocrx_word' id='word_1_96' title='bbox 575 2034 693 2114; x_wconf 79' lang='lat' dir='ltr'>fragiles</span> <span class='ocrx_word' id='word_1_97' title='bbox 707 2034 838 2094; x_wconf 87' lang='lat' dir='ltr'>calamos</span> <span class='ocrx_word' id='word_1_98' title='bbox 851 2034 1015 2112; x_wconf 85' lang='lat' dir='ltr'>silvamque</span> <span class='ocrx_word' id='word_1_99' title='bbox 1030 2044 1192 2095; x_wconf 84' lang='lat' dir='ltr'>sonantern</span> 
     </span>
    </p>

    <p class='ocr_par' dir='ltr' id='par_1_17' title="bbox 401 2127 1101 2205">
     <span class='ocr_line' id='line_1_17' title="bbox 401 2127 1101 2205; baseline -0.004 -14"><span class='ocrx_word' id='word_1_100' title='bbox 401 2129 471 2191; x_wconf 88' lang='lat' dir='ltr'>Urit</span> <span class='ocrx_word' id='word_1_101' title='bbox 485 2129 565 2190; x_wconf 88' lang='lat' dir='ltr'>enim</span> <span class='ocrx_word' id='word_1_102' title='bbox 580 2127 633 2187; x_wconf 88' lang='lat' dir='ltr'>lini</span> <span class='ocrx_word' id='word_1_103' title='bbox 646 2130 788 2205; x_wconf 85' lang='lat' dir='ltr'>campum&#39;</span> <span class='ocrx_word' id='word_1_104' title='bbox 801 2146 895 2204; x_wconf 88' lang='lat' dir='ltr'>seges,</span> <span class='ocrx_word' id='word_1_105' title='bbox 910 2128 968 2187; x_wconf 91' lang='lat' dir='ltr'>urit</span> <span class='ocrx_word' id='word_1_106' title='bbox 981 2147 1101 2201; x_wconf 87' lang='lat' dir='ltr'>avenae,</span> 
     </span>
    </p>

    <p class='ocr_par' dir='ltr' id='par_1_18' title="bbox 400 2222 1087 2298">
     <span class='ocr_line' id='line_1_18' title="bbox 400 2222 1087 2298; baseline -0.006 -15"><span class='ocrx_word' id='word_1_107' title='bbox 400 2224 503 2283; x_wconf 81' lang='lat' dir='ltr'>Unrnt</span> <span class='ocrx_word' id='word_1_108' title='bbox 518 2222 652 2282; x_wconf 90' lang='lat' dir='ltr'>Lethaeo</span> <span class='ocrx_word' id='word_1_109' title='bbox 666 2222 784 2298; x_wconf 87' lang='lat' dir='ltr'>perfusa</span> <span class='ocrx_word' id='word_1_110' title='bbox 797 2239 948 2298; x_wconf 90' lang='lat' dir='ltr'>papavera</span> <span class='ocrx_word' id='word_1_111' title='bbox 961 2239 1068 2281; x_wconf 88' lang='lat' dir='ltr'>somno</span> <span class='ocrx_word' id='word_1_112' title='bbox 1081 2243 1087 2280; x_wconf 94' lang='lat'><strong>:</strong></span> 
     </span>
    </p>

    <p class='ocr_par' dir='ltr' id='par_1_19' title="bbox 399 2313 1168 2388">
     <span class='ocr_line' id='line_1_19' title="bbox 399 2313 1168 2388; baseline -0.004 -11"><span class='ocrx_word' id='word_1_113' title='bbox 399 2315 461 2377; x_wconf 86' lang='lat' dir='ltr'>Sed</span> <span class='ocrx_word' id='word_1_114' title='bbox 476 2325 577 2375; x_wconf 89' lang='lat' dir='ltr'>tamen</span> <span class='ocrx_word' id='word_1_115' title='bbox 591 2313 712 2375; x_wconf 83' lang='lat' dir='ltr'>alteruis</span> <span class='ocrx_word' id='word_1_116' title='bbox 725 2313 820 2374; x_wconf 77' lang='lat' dir='ltr'>facilis</span> <span class='ocrx_word' id='word_1_117' title='bbox 833 2315 937 2388; x_wconf 90' lang='lat' dir='ltr'>labor;</span> <span class='ocrx_word' id='word_1_118' title='bbox 957 2314 1039 2373; x_wconf 90' lang='lat' dir='ltr'>arida</span> <span class='ocrx_word' id='word_1_119' title='bbox 1052 2323 1168 2374; x_wconf 86' lang='lat' dir='ltr'>tantum</span> 
     </span>
    </p>

    <p class='ocr_par' dir='ltr' id='par_1_20' title="bbox 400 2407 1099 2485">
     <span class='ocr_line' id='line_1_20' title="bbox 400 2407 1099 2485; baseline -0.003 -16"><span class='ocrx_word' id='word_1_120' title='bbox 400 2411 452 2469; x_wconf 91' lang='lat' dir='ltr'>Ne</span> <span class='ocrx_word' id='word_1_121' title='bbox 466 2419 595 2469; x_wconf 88' lang='lat' dir='ltr'>saturare</span> <span class='ocrx_word' id='word_1_122' title='bbox 608 2409 680 2467; x_wconf 91' lang='lat' dir='ltr'>fimo</span> <span class='ocrx_word' id='word_1_123' title='bbox 695 2407 797 2485; x_wconf 88' lang='lat' dir='ltr'>pingui</span> <span class='ocrx_word' id='word_1_124' title='bbox 811 2408 922 2485; x_wconf 90' lang='lat' dir='ltr'>pudeat</span> <span class='ocrx_word' id='word_1_125' title='bbox 937 2408 1008 2481; x_wconf 81' lang='lat' dir='ltr'>sola,</span> <span class='ocrx_word' id='word_1_126' title='bbox 1022 2425 1099 2467; x_wconf 90' lang='lat' dir='ltr'>neve</span> 
     </span>
    </p>

    <p class='ocr_par' dir='ltr' id='par_1_21' title="bbox 401 2501 1159 2580">
     <span class='ocr_line' id='line_1_21' title="bbox 401 2501 1159 2580; baseline -0.003 -18"><span class='ocrx_word' id='word_1_127' title='bbox 401 2502 518 2562; x_wconf 83' lang='lat' dir='ltr'>Effetos</span> <span class='ocrx_word' id='word_1_128' title='bbox 532 2502 662 2561; x_wconf 89' lang='lat' dir='ltr'>cinerem</span> <span class='ocrx_word' id='word_1_129' title='bbox 675 2501 861 2560; x_wconf 89' lang='lat' dir='ltr'>immundum</span> <span class='ocrx_word' id='word_1_130' title='bbox 872 2502 985 2580; x_wconf 88' lang='lat' dir='ltr'>jactare</span> <span class='ocrx_word' id='word_1_131' title='bbox 999 2519 1052 2577; x_wconf 92' lang='lat' dir='ltr'>per</span> <span class='ocrx_word' id='word_1_132' title='bbox 1064 2519 1159 2577; x_wconf 92' lang='lat' dir='ltr'>agros.</span> 
     </span>
    </p>

    <p class='ocr_par' dir='ltr' id='par_1_22' title="bbox 399 2592 1134 2672">
     <span class='ocr_line' id='line_1_22' title="bbox 399 2592 1134 2672; baseline -0.003 -17"><span class='ocrx_word' id='word_1_133' title='bbox 399 2594 454 2655; x_wconf 82' lang='lat' dir='ltr'>Sic</span> <span class='ocrx_word' id='word_1_134' title='bbox 467 2611 588 2672; x_wconf 86' lang='lat' dir='ltr'>quoque</span> <span class='ocrx_word' id='word_1_135' title='bbox 601 2593 721 2654; x_wconf 85' lang='lat' dir='ltr'>mutatis</span> <span class='ocrx_word' id='word_1_136' title='bbox 734 2594 921 2670; x_wconf 78' lang='lat' dir='ltr'>requiescrmt</span> <span class='ocrx_word' id='word_1_137' title='bbox 934 2592 1043 2654; x_wconf 89' lang='lat' dir='ltr'>fetibus</span> <span class='ocrx_word' id='word_1_138' title='bbox 1057 2614 1134 2668; x_wconf 88' lang='lat' dir='ltr'>arva,</span> 
     </span>
    </p>

    <p class='ocr_par' dir='ltr' id='par_1_23' title="bbox 401 2686 1119 2764">
     <span class='ocr_line' id='line_1_23' title="bbox 401 2686 1119 2764; baseline -0.004 -16"><span class='ocrx_word' id='word_1_139' title='bbox 401 2690 471 2748; x_wconf 91' lang='lat' dir='ltr'>Nec</span> <span class='ocrx_word' id='word_1_140' title='bbox 485 2688 567 2748; x_wconf 91' lang='lat' dir='ltr'>nulla</span> <span class='ocrx_word' id='word_1_141' title='bbox 580 2687 693 2747; x_wconf 87' lang='lat' dir='ltr'>interea</span> <span class='ocrx_word' id='word_1_142' title='bbox 706 2697 752 2747; x_wconf 82' lang='lat' dir='ltr'>est</span> <span class='ocrx_word' id='word_1_143' title='bbox 765 2686 896 2747; x_wconf 88' lang='lat' dir='ltr'>inaratae</span> <span class='ocrx_word' id='word_1_144' title='bbox 909 2686 1003 2764; x_wconf 90' lang='lat' dir='ltr'>gratia</span> <span class='ocrx_word' id='word_1_145' title='bbox 1016 2696 1119 2747; x_wconf 90' lang='lat' dir='ltr'>terrae.</span> 
     </span>
    </p>

    <p class='ocr_par' dir='ltr' id='par_1_24' title="bbox 402 2778 1128 2858">
     <span class='ocr_line' id='line_1_24' title="bbox 402 2778 1128 2858; baseline -0.003 -17"><span class='ocrx_word' id='word_1_146' title='bbox 402 2781 502 2858; x_wconf 82' lang='lat' dir='ltr'>Saepe</span> <span class='ocrx_word' id='word_1_147' title='bbox 518 2778 606 2841; x_wconf 90' lang='lat' dir='ltr'>etiam</span> <span class='ocrx_word' id='word_1_148' title='bbox 621 2779 734 2840; x_wconf 87' lang='lat' dir='ltr'>steriles</span> <span class='ocrx_word' id='word_1_149' title='bbox 748 2780 908 2840; x_wconf 90' lang='lat' dir='ltr'>incendere</span> <span class='ocrx_word' id='word_1_150' title='bbox 922 2779 1032 2856; x_wconf 87' lang='lat' dir='ltr'>profuit</span> <span class='ocrx_word' id='word_1_151' title='bbox 1043 2798 1128 2857; x_wconf 89' lang='lat' dir='ltr'>agros</span> 
     </span>
    </p>

    <p class='ocr_par' dir='ltr' id='par_1_25' title="bbox 400 2870 1252 2951">
     <span class='ocr_line' id='line_1_25' title="bbox 400 2870 1252 2951; baseline 0 -19"><span class='ocrx_word' id='word_1_152' title='bbox 400 2875 504 2951; x_wconf 88' lang='lat' dir='ltr'>Atque</span> <span class='ocrx_word' id='word_1_153' title='bbox 518 2873 614 2933; x_wconf 88' lang='lat' dir='ltr'>levem</span> <span class='ocrx_word' id='word_1_154' title='bbox 627 2872 765 2950; x_wconf 86' lang='lat' dir='ltr'>stipulam</span> <span class='ocrx_word' id='word_1_155' title='bbox 779 2873 992 2950; x_wconf 88' lang='lat' dir='ltr'>crepitantibus</span> <span class='ocrx_word' id='word_1_156' title='bbox 1006 2892 1089 2933; x_wconf 88' lang='lat' dir='ltr'>urere</span> <span class='ocrx_word' id='word_1_157' title='bbox 1104 2870 1252 2933; x_wconf 87' lang='lat' dir='ltr'>flammis:</span> 
     </span>
    </p>

    <p class='ocr_par' dir='ltr' id='par_1_26' title="bbox 328 2964 1074 3043">
     <span class='ocr_line' id='line_1_26' title="bbox 328 2964 1074 3043; baseline -0.001 -17"><span class='ocrx_word' id='word_1_158' title='bbox 328 3034 332 3043; x_wconf 33' lang='lat'>¹</span> <span class='ocrx_word' id='word_1_159' title='bbox 403 2966 476 3026; x_wconf 90' lang='lat' dir='ltr'>Sive</span> <span class='ocrx_word' id='word_1_160' title='bbox 489 2965 560 3026; x_wconf 88' lang='lat' dir='ltr'>inde</span> <span class='ocrx_word' id='word_1_161' title='bbox 574 2966 707 3026; x_wconf 88' lang='lat' dir='ltr'>occultas</span> <span class='ocrx_word' id='word_1_162' title='bbox 720 2964 797 3025; x_wconf 87' lang='lat' dir='ltr'>vires</span> <span class='ocrx_word' id='word_1_163' title='bbox 812 2975 841 3026; x_wconf 93' lang='lat' dir='ltr'>et</span> <span class='ocrx_word' id='word_1_164' title='bbox 855 2967 966 3042; x_wconf 88' lang='lat' dir='ltr'>pabula</span> <span class='ocrx_word' id='word_1_165' title='bbox 980 2975 1074 3026; x_wconf 87' lang='lat' dir='ltr'>terrae</span> 
     </span>
    </p>

    <p class='ocr_par' dir='ltr' id='par_1_27' title="bbox 403 3057 1175 3137">
     <span class='ocr_line' id='line_1_27' title="bbox 403 3057 1175 3137; baseline 0 -19"><span class='ocrx_word' id='word_1_166' title='bbox 403 3058 532 3135; x_wconf 89' lang='lat' dir='ltr'>Pinguia</span> <span class='ocrx_word' id='word_1_167' title='bbox 546 3057 737 3136; x_wconf 82' lang='lat' dir='ltr'>concipiunt3</span> <span class='ocrx_word' id='word_1_168' title='bbox 758 3059 820 3119; x_wconf 90' lang='lat' dir='ltr'>sive</span> <span class='ocrx_word' id='word_1_169' title='bbox 833 3058 891 3118; x_wconf 90' lang='lat' dir='ltr'>illis</span> <span class='ocrx_word' id='word_1_170' title='bbox 905 3078 995 3118; x_wconf 88' lang='lat' dir='ltr'>omne</span> <span class='ocrx_word' id='word_1_171' title='bbox 1009 3077 1062 3137; x_wconf 91' lang='lat' dir='ltr'>per</span> <span class='ocrx_word' id='word_1_172' title='bbox 1076 3059 1175 3136; x_wconf 89' lang='lat' dir='ltr'>ignem</span> 
     </span>
    </p>

    <p class='ocr_par' dir='ltr' id='par_1_28' title="bbox 403 3150 1225 3228">
     <span class='ocr_line' id='line_1_28' title="bbox 403 3150 1225 3228; baseline 0.001 -17"><span class='ocrx_word' id='word_1_173' title='bbox 403 3151 588 3228; x_wconf 84' lang='lat' dir='ltr'>Excoquitur</span> <span class='ocrx_word' id='word_1_174' title='bbox 600 3150 713 3224; x_wconf 90' lang='lat' dir='ltr'>vitium,</span> <span class='ocrx_word' id='word_1_175' title='bbox 729 3161 819 3228; x_wconf 87' lang='lat' dir='ltr'>atque</span> <span class='ocrx_word' id='word_1_176' title='bbox 833 3152 959 3211; x_wconf 85' lang='lat' dir='ltr'>exsudat</span> <span class='ocrx_word' id='word_1_177' title='bbox 973 3150 1085 3211; x_wconf 89' lang='lat' dir='ltr'>inutilis</span> <span class='ocrx_word' id='word_1_178' title='bbox 1098 3151 1207 3212; x_wconf 91' lang='lat' dir='ltr'>humor</span> <span class='ocrx_word' id='word_1_179' title='bbox 1214 3173 1225 3227; x_wconf 78' lang='lat'>3</span> 
     </span>
    </p>

    <p class='ocr_par' dir='ltr' id='par_1_29' title="bbox 404 3243 1088 3320">
     <span class='ocr_line' id='line_1_29' title="bbox 404 3243 1088 3320; baseline 0 -16"><span class='ocrx_word' id='word_1_180' title='bbox 404 3244 467 3304; x_wconf 85' lang='lat' dir='ltr'>Seu</span> <span class='ocrx_word' id='word_1_181' title='bbox 480 3244 579 3320; x_wconf 91' lang='lat' dir='ltr'>plures</span> <span class='ocrx_word' id='word_1_182' title='bbox 593 3244 675 3304; x_wconf 90' lang='lat' dir='ltr'>calor</span> <span class='ocrx_word' id='word_1_183' title='bbox 688 3243 738 3304; x_wconf 91' lang='lat' dir='ltr'>ille</span> <span class='ocrx_word' id='word_1_184' title='bbox 751 3244 814 3303; x_wconf 89' lang='lat' dir='ltr'>vias</span> <span class='ocrx_word' id='word_1_185' title='bbox 829 3253 860 3304; x_wconf 90' lang='lat' dir='ltr'>et</span> <span class='ocrx_word' id='word_1_186' title='bbox 872 3263 964 3304; x_wconf 88' lang='lat' dir='ltr'>caeca</span> <span class='ocrx_word' id='word_1_187' title='bbox 976 3245 1088 3305; x_wconf 85' lang='lat' dir='ltr'>relaxat</span> 
     </span>
    </p>

    <p class='ocr_par' dir='ltr' id='par_1_30' title="bbox 405 3336 1186 3414">
     <span class='ocr_line' id='line_1_30' title="bbox 405 3336 1186 3414; baseline 0 -17"><span class='ocrx_word' id='word_1_188' title='bbox 405 3336 602 3413; x_wconf 79' lang='lat' dir='ltr'>spiramenta,</span> <span class='ocrx_word' id='word_1_189' title='bbox 618 3355 711 3397; x_wconf 82' lang='lat' dir='ltr'>novas</span> <span class='ocrx_word' id='word_1_190' title='bbox 725 3336 825 3396; x_wconf 90' lang='lat' dir='ltr'>veniat</span> <span class='ocrx_word' id='word_1_191' title='bbox 839 3356 900 3414; x_wconf 90' lang='lat' dir='ltr'>qua</span> <span class='ocrx_word' id='word_1_192' title='bbox 914 3356 1001 3397; x_wconf 90' lang='lat' dir='ltr'>sucus</span> <span class='ocrx_word' id='word_1_193' title='bbox 1015 3337 1046 3396; x_wconf 89' lang='lat' dir='ltr'>in</span> <span class='ocrx_word' id='word_1_194' title='bbox 1060 3337 1186 3411; x_wconf 86' lang='lat' dir='ltr'>herbas;</span> 
     </span>
    </p>

    <p class='ocr_par' dir='ltr' id='par_1_31' title="bbox 402 3428 1138 3506">
     <span class='ocr_line' id='line_1_31' title="bbox 402 3428 1138 3506; baseline 0.001 -17"><span class='ocrx_word' id='word_1_195' title='bbox 402 3429 463 3489; x_wconf 91' lang='lat' dir='ltr'>Seu</span> <span class='ocrx_word' id='word_1_196' title='bbox 477 3429 563 3490; x_wconf 89' lang='lat' dir='ltr'>durat</span> <span class='ocrx_word' id='word_1_197' title='bbox 575 3429 679 3506; x_wconf 82' lang='lat' dir='ltr'>magis,</span> <span class='ocrx_word' id='word_1_198' title='bbox 694 3439 724 3490; x_wconf 90' lang='lat' dir='ltr'>et</span> <span class='ocrx_word' id='word_1_199' title='bbox 737 3448 829 3490; x_wconf 90' lang='lat' dir='ltr'>venas</span> <span class='ocrx_word' id='word_1_200' title='bbox 842 3428 998 3506; x_wconf 85' lang='lat' dir='ltr'>adstringit</span> <span class='ocrx_word' id='word_1_201' title='bbox 1011 3429 1138 3503; x_wconf 84' lang='lat' dir='ltr'>hiantes,</span> 
     </span>
    </p>

    <p class='ocr_par' dir='ltr' id='par_1_32' title="bbox 403 3521 1102 3599">
     <span class='ocr_line' id='line_1_32' title="bbox 403 3521 1102 3599; baseline 0 -18"><span class='ocrx_word' id='word_1_202' title='bbox 403 3522 454 3581; x_wconf 92' lang='lat' dir='ltr'>Ne</span> <span class='ocrx_word' id='word_1_203' title='bbox 468 3531 572 3582; x_wconf 90' lang='lat' dir='ltr'>tenues</span> <span class='ocrx_word' id='word_1_204' title='bbox 587 3521 714 3599; x_wconf 90' lang='lat' dir='ltr'>pluviae,</span> <span class='ocrx_word' id='word_1_205' title='bbox 730 3522 863 3599; x_wconf 92' lang='lat' dir='ltr'>rapidive</span> <span class='ocrx_word' id='word_1_206' title='bbox 877 3522 1013 3599; x_wconf 88' lang='lat' dir='ltr'>potentia</span> <span class='ocrx_word' id='word_1_207' title='bbox 1026 3522 1102 3582; x_wconf 90' lang='lat' dir='ltr'>solis.</span> 
     </span>
    </p>

    <p class='ocr_par' dir='ltr' id='par_1_33' title="bbox 404 3613 1239 3785">
     <span class='ocr_line' id='line_1_33' title="bbox 404 3613 1141 3692; baseline 0.003 -19"><span class='ocrx_word' id='word_1_208' title='bbox 404 3613 519 3687; x_wconf 86' lang='lat' dir='ltr'>Acrior,</span> <span class='ocrx_word' id='word_1_209' title='bbox 536 3626 587 3675; x_wconf 90' lang='lat' dir='ltr'>aut</span> <span class='ocrx_word' id='word_1_210' title='bbox 602 3617 714 3675; x_wconf 89' lang='lat' dir='ltr'>Boreae</span> <span class='ocrx_word' id='word_1_211' title='bbox 727 3616 911 3692; x_wconf 86' lang='lat' dir='ltr'>penetrabile</span> <span class='ocrx_word' id='word_1_212' title='bbox 925 3615 1015 3692; x_wconf 84' lang='lat' dir='ltr'>frigus</span> <span class='ocrx_word' id='word_1_213' title='bbox 1028 3616 1141 3676; x_wconf 82' lang='lat' dir='ltr'>adurat.</span> 
     </span>
     <span class='ocr_line' id='line_1_34' title="bbox 446 3707 1239 3785; baseline 0.004 -18"><span class='ocrx_word' id='word_1_214' title='bbox 446 3708 576 3767; x_wconf 89' lang='lat' dir='ltr'>Multum</span> <span class='ocrx_word' id='word_1_215' title='bbox 590 3708 676 3782; x_wconf 90' lang='lat' dir='ltr'>adeo,</span> <span class='ocrx_word' id='word_1_216' title='bbox 691 3707 791 3768; x_wconf 87' lang='lat' dir='ltr'>rastris</span> <span class='ocrx_word' id='word_1_217' title='bbox 804 3709 926 3785; x_wconf 86' lang='lat' dir='ltr'>glaebas</span> <span class='ocrx_word' id='word_1_218' title='bbox 941 3708 993 3785; x_wconf 92' lang='lat' dir='ltr'>qui</span> <span class='ocrx_word' id='word_1_219' title='bbox 1007 3708 1115 3785; x_wconf 84' lang='lat' dir='ltr'>frangit</span> <span class='ocrx_word' id='word_1_220' title='bbox 1128 3708 1239 3770; x_wconf 84' lang='lat' dir='ltr'>inertes</span> 
     </span>
    </p>

    <p class='ocr_par' dir='ltr' id='par_1_34' title="bbox 402 3798 1252 3880">
     <span class='ocr_line' id='line_1_35' title="bbox 402 3798 1252 3880; baseline 0.006 -22"><span class='ocrx_word' id='word_1_221' title='bbox 402 3798 618 3878; x_wconf 88' lang='lat' dir='ltr'>Vimineasque</span> <span class='ocrx_word' id='word_1_222' title='bbox 632 3801 722 3861; x_wconf 88' lang='lat' dir='ltr'>trahit</span> <span class='ocrx_word' id='word_1_223' title='bbox 734 3810 839 3875; x_wconf 83' lang='lat' dir='ltr'>crates,</span> <span class='ocrx_word' id='word_1_224' title='bbox 851 3802 936 3880; x_wconf 86' lang='lat' dir='ltr'>juvat</span> <span class='ocrx_word' id='word_1_225' title='bbox 949 3820 1037 3876; x_wconf 81' lang='lat' dir='ltr'>arva3</span> <span class='ocrx_word' id='word_1_226' title='bbox 1057 3821 1155 3879; x_wconf 90' lang='lat' dir='ltr'>neque</span> <span class='ocrx_word' id='word_1_227' title='bbox 1169 3802 1252 3863; x_wconf 90' lang='lat' dir='ltr'>illurn</span> 
     </span>
    </p>

    <p class='ocr_par' dir='ltr' id='par_1_35' title="bbox 403 3894 1193 3973">
     <span class='ocr_line' id='line_1_36' title="bbox 403 3894 1193 3973; baseline 0.004 -21"><span class='ocrx_word' id='word_1_228' title='bbox 403 3894 497 3953; x_wconf 91' lang='lat' dir='ltr'>Flava</span> <span class='ocrx_word' id='word_1_229' title='bbox 511 3896 604 3955; x_wconf 89' lang='lat' dir='ltr'>Ceres</span> <span class='ocrx_word' id='word_1_230' title='bbox 619 3896 680 3955; x_wconf 92' lang='lat' dir='ltr'>alto</span> <span class='ocrx_word' id='word_1_231' title='bbox 695 3894 899 3972; x_wconf 88' lang='lat' dir='ltr'>nequidquam</span> <span class='ocrx_word' id='word_1_232' title='bbox 914 3905 1029 3973; x_wconf 85' lang='lat' dir='ltr'>spectat</span> <span class='ocrx_word' id='word_1_233' title='bbox 1043 3895 1193 3973; x_wconf 86' lang='lat' dir='ltr'>Olympo;</span> 
     </span>
    </p>

    <p class='ocr_par' dir='ltr' id='par_1_36' title="bbox 403 3986 1177 4067">
     <span class='ocr_line' id='line_1_37' title="bbox 403 3986 1177 4067; baseline 0.001 -20"><span class='ocrx_word' id='word_1_234' title='bbox 403 3988 444 4047; x_wconf 89' lang='lat' dir='ltr'>Et</span> <span class='ocrx_word' id='word_1_235' title='bbox 458 3987 518 4065; x_wconf 87' lang='lat' dir='ltr'>qui,</span> <span class='ocrx_word' id='word_1_236' title='bbox 534 3986 684 4067; x_wconf 91' lang='lat' dir='ltr'>proscisso</span> <span class='ocrx_word' id='word_1_237' title='bbox 698 4007 775 4065; x_wconf 90' lang='lat' dir='ltr'>quae</span> <span class='ocrx_word' id='word_1_238' title='bbox 789 3987 912 4049; x_wconf 86' lang='lat' dir='ltr'>suscitat</span> <span class='ocrx_word' id='word_1_239' title='bbox 925 4007 1056 4066; x_wconf 87' lang='lat' dir='ltr'>aequore</span> <span class='ocrx_word' id='word_1_240' title='bbox 1069 3999 1177 4066; x_wconf 65' lang='lat' dir='ltr'>terga,</span> 
     </span>
    </p>
   </div>
   <div class='ocr_carea' id='block_1_3' title="bbox 0 0 1790 4859">
    <p class='ocr_par' dir='ltr' id='par_1_37' title="bbox 0 0 1790 4859">
     <span class='ocr_line' id='line_1_38' title="bbox 0 0 1790 4859; baseline 0 0"><span class='ocrx_word' id='word_1_241' title='bbox 0 0 1790 4859; x_wconf 95' lang='lat' dir='ltr'> </span> 
     </span>
    </p>
   </div>
  </div>
 </body>
</html>
