3550 4859
704 594 864 637 auusruos
885 594 942 637 ern
961 594 988 637 v:
1277 594 1333 655 εις

355 741 523 820 Ambiguae
539 751 672 819 spectare
687 751 764 800 rates
778 738 917 801 miserum
932 740 1008 800 iuter
1021 757 1152 799 amorem
1298 757 1339 806 s„

358 832 526 897 Praesentis
541 847 634 895 terrae
648 835 775 911 fatisque
789 834 928 894 vocantia
940 853 1048 910 regna:

357 932 460 1005 Quum
474 930 531 989 dea
545 948 578 987 se
592 928 713 1004 paribus
726 946 780 1004 per
793 929 911 987 coelum
925 926 1040 986 sustulit
1053 926 1108 987 alis

358 1026 576 1101 lugentemque
589 1022 660 1097 fuga
672 1021 768 1080 secuit
781 1023 836 1081 sub
852 1019 981 1080 nubibus
995 1038 1101 1079 arcum.

357 1119 436 1176 Tum
450 1134 521 1175 vero
537 1116 681 1175 attonitae
694 1114 833 1174 monstris
847 1125 990 1190 actaeque
1005 1114 1101 1172 furore

358 1209 565 1282 Conclamant,
580 1207 757 1285 rapiuntque
771 1208 845 1267 focis
858 1207 1059 1284 penetralibus
1073 1205 1192 1283 ignem3
1298 1225 1339 1263 aso

358 1304 430 1361 Pars
445 1302 573 1378 spoliant
588 1320 662 1374 aras,
678 1301 814 1360 frondem
829 1320 864 1359 ac
878 1300 1004 1377 virgulta
1018 1301 1157 1376 facesque

358 1394 542 1472 Conjiciunt
583 1394 665 1454 Furit
680 1394 819 1454 immissis
833 1395 986 1453 Vulcanus
999 1393 1124 1453 habenis
1217 1413 1219 1418 ·

358 1490 501 1548 Transtra
515 1507 569 1564 per
582 1498 612 1548 et
626 1506 723 1547 remos
737 1498 767 1546 et
781 1486 877 1563 pictas
891 1484 988 1545 abiete
1003 1504 1128 1563 puppes.

358 1580 489 1641 Nuntius
505 1579 656 1640 Anchisae
671 1581 710 1640 ad
724 1581 870 1640 tumulum
884 1598 1055 1656 cuneosque
1070 1578 1176 1639 theatri

358 1676 504 1735 Incensas
518 1675 628 1751 perfert
641 1693 732 1733 naves
748 1675 898 1747 Eumelus,
914 1685 944 1733 et
958 1672 1014 1750 ipsi
1236 1696 1239 1701 ’
1298 1694 1337 1742 ⁶⁶³

359 1766 536 1845 Respiciunt
550 1779 643 1827 atram
658 1766 689 1825 in
704 1766 806 1826 nimbo
819 1766 943 1827 volitare
958 1766 1095 1825 favillam.
1344 1756 1346 1759 ’

359 1861 474 1920 Primus
489 1872 519 1921 et
533 1860 690 1933 Ascanius}
706 1878 809 1919 cursus
822 1857 856 1920 ut
869 1861 965 1919 laetus
980 1872 1132 1937 equestres

358 1956 506 2028 Ducebat,
522 1952 565 2014 sic
578 1973 646 2013 acer
660 1972 740 2030 equo
754 1954 870 2031 turbata
883 1952 988 2030 petivit

358 2050 472 2122 Castra,
487 2066 544 2107 nec
557 2047 708 2107 exanimes
722 2059 846 2124 possunt
859 2048 984 2107 retinere
999 2047 1136 2125 magistri.

356 2142 434 2216 Quis
448 2142 528 2200 furor
542 2141 596 2200 iste
611 2137 726 2201 novus?
767 2140 837 2215 Quo
851 2155 939 2214 nunc,
955 2160 1016 2217 quo
1031 2142 1160 2216 tenditis,
1176 2142 1281 2221 inquit,
1298 2160 1338 2211 (ψ

359 2238 431 2295 Heu
445 2234 568 2295 miserae
582 2233 683 2294 cives?
724 2235 794 2292 Non
809 2235 927 2294 hostem
942 2233 1121 2312 inimicaque
1136 2247 1233 2298 castra

358 2328 509 2406 Argivum,
525 2338 637 2387 vestras
652 2346 719 2403 spes
732 2326 822 2386 uritis.
867 2329 923 2400 En,
938 2346 995 2404 ego
1008 2340 1106 2389 vester

357 2420 504 2490 Ascanius
514 2425 521 2480 l
530 2421 693 2497 —galeam
708 2431 776 2479 ante
791 2420 885 2496 pedes
899 2422 1024 2499 proiecit
1038 2422 1167 2497 inanem,

358 2516 428 2589 Qua
441 2514 512 2575 ludo
526 2513 645 2573 indutus
660 2512 731 2572 belli
746 2512 901 2572 simulacra
914 2514 1020 2575 ciebat.

358 2608 515 2668 Accelerat
528 2608 614 2667 simul
630 2610 759 2680 Aeneas,
775 2606 862 2666 simul
876 2607 995 2684 agmina
1009 2612 1167 2671 Teucrum.

358 2706 417 2761 Ast
431 2702 498 2760 illae
513 2700 630 2760 diversa
643 2709 724 2759 metu
738 2719 792 2776 per
804 2699 891 2759 litora
905 2703 1017 2778 passim

358 2792 532 2871 Diffugiunt,
548 2793 696 2870 silvasque
710 2803 740 2852 et
755 2792 849 2852 sicubi
863 2812 997 2856 concava
1010 2796 1109 2855 furtim

359 2890 437 2947 Saxa
450 2897 574 2965 petunt3
594 2886 676 2965 piget
690 2886 800 2963 incepti
814 2887 957 2965 lucisque,
973 2907 1102 2965 suosque

358 2984 494 3042 Mutatae
508 2990 681 3058 agnoscunt,
697 2998 878 3057 excussaque
894 2994 1014 3059 pectore
1028 2984 1108 3058 Juno
1123 2992 1176 3043 est.

359 3075 420 3134 Sed
435 3093 495 3134 non
509 3072 621 3133 idcirco
635 3073 771 3132 flammae
785 3084 876 3151 atque
891 3074 1029 3134 incendia
1042 3074 1120 3134 vires

359 3166 526 3228 Indomitas
539 3185 685 3243 posuere;
705 3167 767 3226 udo
781 3169 838 3227 sub
852 3170 959 3228 robore
973 3166 1045 3227 vivit

360 3261 476 3337 Stuppa
488 3279 612 3320 vomens
625 3261 742 3320 tardum
756 3260 879 3335 sumum,
896 3262 1054 3337 lentusque
1069 3258 1184 3321 carinas

361 3356 414 3413 Est
427 3372 527 3430 vapor,
544 3363 574 3413 et
588 3365 652 3413 toto
667 3354 825 3414 descendit
837 3372 963 3431 corpore
977 3354 1078 3431 pestis,

360 3449 426 3508 Nec
439 3446 516 3507 vires
530 3448 654 3507 heroum
669 3448 824 3525 infusaque
838 3448 962 3507 flumina
976 3457 1107 3525 prosunt

359 3544 437 3601 Tum
452 3536 520 3618 pius
533 3545 652 3601 Aeneas
665 3541 795 3600 humeris
808 3540 984 3602 abscindere
998 3545 1121 3615 vestem,

360 3634 541 3711 Auxilioque
555 3653 661 3693 vocare
676 3635 758 3706 deos,
774 3644 804 3693 et
817 3635 940 3694 tendere
955 3635 1088 3711 palmas:

359 3722 495 3804 Juppiter
509 3727 708 3803 omnipotens,
724 3726 748 3786 si
762 3729 897 3787 nondum
913 3746 1021 3787 exosus
1035 3728 1181 3789 aduttum

359 3822 517 3899 Troianos,
534 3819 558 3879 si
572 3820 645 3896 quid
658 3817 755 3896 pietas
770 3818 893 3896 antiqua
906 3822 1023 3880 labores

360 3913 497 3990 Respicit
510 3915 665 3985 humanos
681 3912 721 3972 da
734 3913 884 3972 flammam
898 3914 1023 3972 evadere
1038 3913 1126 3972 classi

358 4010 459 4083 Nunc,
477 4009 572 4080 Pater,
586 4016 618 4066 et
631 4016 738 4066 tenues
750 4007 900 4065 Teucmm
912 4023 961 4066 res
975 4004 1056 4083 eripe
1071 4005 1139 4066 leto.
