3550 4859
578 587 585 600 .
674 560 834 608 munos
854 553 957 617 unt.
1250 565 1304 636 139

322 710 406 786 Quis
418 727 513 789 geum
528 708 714 782 Aeneadum,
730 706 797 786 quis
811 706 920 785 Trojae
935 703 1049 766 nesciat
1063 703 1175 777 urbem
1269 720 1307 770 ⁵⁶⁵

321 804 521 879 Virtutesque
533 802 683 878 virosque,
697 811 748 862 aut
762 800 836 862 tanti
851 798 991 859 incendia
1004 796 1095 858 belli?

325 899 401 957 Non
414 896 544 955 obtunsa
556 894 633 954 adeo
646 905 799 973 gestamus
812 903 934 969 pectora
948 890 1052 964 Poeni,

326 992 396 1050 Nec
410 1000 470 1049 tam
483 1006 605 1048 aversus
620 1006 714 1064 equos
729 986 819 1065 Tyria
833 986 883 1046 Sol
902 984 1000 1063 jungit
1014 985 1052 1044 ab
1066 984 1145 1045 urbe.

324 1084 388 1142 Seu
401 1100 454 1141 vos
469 1080 652 1157 Hesperiam
666 1098 804 1157 magnam
819 1077 1013 1154 Saturniaque
1028 1096 1105 1151 arva,

328 1176 399 1234 Sive
414 1172 516 1252 Erycis
531 1174 605 1232 fines
620 1190 781 1250 regemque
796 1169 906 1248 optatis
921 1172 1061 1243 Acesten,

327 1266 449 1326 Auxilio
464 1276 545 1326 tutos
560 1264 715 1338 dimittam,
731 1263 899 1341 opibusque
916 1263 1035 1341 juvabo.

325 1360 428 1419 Vultis
442 1369 473 1419 et
486 1359 534 1419 his
547 1378 666 1419 mecum
680 1358 791 1436 pariter
805 1354 962 1416 considere
977 1355 1096 1433 reguis?

327 1452 444 1512 Urbem
458 1472 548 1529 quarn
562 1462 669 1525 statuo,
685 1461 785 1511 vestra
798 1459 864 1522 est;
884 1448 1041 1508 subducite
1056 1468 1146 1509 naves
1158 1470 1166 1523 ;

326 1547 407 1605 Tros
421 1546 587 1626 Tyriusque
601 1545 674 1604 mihi
688 1545 772 1604 nullo
786 1541 959 1604 discrimine
973 1551 1082 1619 agetur.

328 1641 430 1715 Atque
444 1638 558 1698 utinam
572 1657 623 1698 rex
636 1639 702 1715 ipse
717 1641 800 1698 Noto
815 1634 987 1712 compulsus
1002 1634 1109 1694 eodem

328 1733 445 1791 Afforet
459 1733 598 1792 Aeneasl
620 1731 768 1808 Equidem
783 1750 837 1808 per
850 1730 937 1788 litora
950 1738 1047 1788 certos

329 1824 486 1883 Dimittam
501 1834 531 1884 et
546 1824 657 1903 Libyae
671 1826 796 1885 lustrare
811 1833 943 1883 extrema
961 1820 1084 1897 jubebo,

328 1918 358 1977 Si
373 1918 482 1994 quibus
497 1920 610 1993 ejectus
625 1918 706 1977 silvis
719 1929 770 1977 aut
784 1917 906 1976 urbibus
921 1924 1006 1974 errat.

370 2011 431 2070 His
444 2011 576 2070 animum
590 2011 696 2071 arrecti
710 2010 798 2070 dictis
812 2020 843 2070 et
857 2008 942 2070 sortis
957 2007 1089 2068 Achates

328 2105 368 2161 Et
382 2114 467 2180 pater
481 2106 601 2164 Aeneas
618 2104 794 2183 jamdudum
808 2120 963 2179 erumpere
979 2102 1088 2160 nubem

327 2196 495 2255 Ardebant.
539 2196 622 2256 Prior
636 2199 761 2256 Aenean
775 2196 935 2273 compellat
951 2196 1083 2254 Achates
1097 2215 1104 2251 z

291 2327 294 2332 -
326 2291 410 2349 Nate
425 2290 490 2363 dea,
507 2308 583 2366 quae
598 2309 679 2350 nuuc
691 2289 792 2349 animo
806 2288 955 2349 sententia
968 2285 1081 2364 surgit?

325 2383 442 2441 Omnia
456 2393 520 2443 tuta
532 2382 626 2456 vides,
641 2384 770 2443 classem
784 2382 943 2458 sociosque
957 2390 1101 2456 receptos.

326 2476 421 2535 Unus
435 2477 529 2548 abest,
544 2477 644 2536 medio
659 2476 690 2536 in
703 2476 794 2536 fluctu
808 2495 897 2552 quem
911 2475 1039 2533 vidimus
1054 2472 1110 2550 ipsi

327 2569 523 2652 Submersum
535 2591 544 2644 3
564 2568 651 2630 dictis
665 2570 849 2646 respondent
863 2579 962 2629 cetera
975 2567 1084 2626 matris.

325 2663 392 2721 Vix
404 2681 441 2722 ea
454 2662 532 2721 fatus
547 2673 617 2735 erat,
632 2682 724 2739 quum
738 2664 915 2723 circumfusa
928 2671 1049 2739 repente

329 2756 448 2815 Scindit
461 2774 494 2815 se
509 2757 603 2816 nubes
618 2766 648 2816 et
662 2756 693 2815 in
706 2758 828 2816 aethera
841 2766 947 2834 purgat
960 2764 1103 2831 apertum.

329 2849 457 2909 Restitit
472 2852 592 2909 Aeneas
606 2850 744 2926 claraque
759 2850 790 2908 iu
804 2850 870 2909 luce
884 2848 1005 2920 refulsit,

327 2944 378 3002 Os
392 2942 589 3017 humerosque
605 2943 663 3002 deo
677 2942 802 3015 similis;
822 2940 951 3017 namqu'e
965 2940 1031 3017 ipsa
1044 2939 1184 2998 decoram

329 3034 503 3095 Caesariem
517 3045 589 3094 nato
601 3034 737 3113 genetrix
750 3035 911 3110 lumenque
930 3035 1070 3109 juventae

329 3130 517 3205 Purpureum
530 3136 561 3187 et
576 3128 670 3188 laetos
683 3127 778 3187 oculis
793 3128 905 3186 afflarat
919 3127 1067 3186 honores:

329 3221 429 3294 Quale
443 3236 548 3280 manus
562 3220 677 3281 addunt
691 3220 775 3280 ebori
789 3221 891 3292 decus,
907 3229 957 3279 aut
970 3218 1022 3278 ubi
1035 3218 1112 3277 flavo

329 3318 498 3393 Argentum
512 3313 652 3373 Pariusve
666 3312 742 3389 lapis
756 3313 957 3372 circumdatur
969 3331 1050 3371 auro.

329 3410 411 3466 Tum
424 3406 468 3466 sic
481 3405 615 3483 reginam-
626 3406 795 3482 alloquitur,
810 3406 985 3481 cunctisque
999 3413 1122 3481 repente

329 3500 507 3577 Inprovisus
522 3499 563 3559 ait
575 3521 585 3558 :.
602 3500 721 3572 Coram,
737 3517 826 3574 quem
841 3497 989 3575 quaeritis,
1004 3496 1120 3569 adsum,

328 3593 440 3653 Troius
453 3594 582 3665 Aeneas,
597 3591 717 3670 Libycis
732 3602 853 3669 ereptus
866 3591 906 3650 ab
919 3591 1017 3650 undis

327 3688 358 3747 Ο
373 3686 442 3745 sola
455 3685 593 3744 infandos
607 3685 716 3760 Trojae
731 3684 871 3744 miserata
884 3683 1012 3755 labores,

327 3781 419 3854 Quae
434 3798 498 3851 nos,
515 3777 655 3854 reliquias
670 3779 817 3850 Danaum,
833 3787 989 3853 terraeque
1003 3774 1153 3852 marisque

326 3871 482 3933 Omnibus
495 3872 656 3931 exhaustos
673 3871 736 3949 jam
750 3869 878 3943 casibus,
894 3869 1028 3929 omniun
1042 3887 1164 3950 egenos,

325 3966 426 4039 Urbe,
443 3965 543 4038 domo,
559 3963 665 4037 socias,
680 3974 779 4042 grates
793 3963 963 4041 persolvere
978 3962 1085 4041 dignas
1276 3978 1314 4015 ε»

614 4068 628 4106 ⁹
