3550 4859
403 562 462 622 rsa
698 580 724 621 Ρ.
746 576 880 621 uuonan
902 577 1052 625 merus

441 725 482 782 At
495 721 564 799 pius
577 724 705 796 Aeneas,
721 740 905 799 qumquam
917 722 1015 782 lenire
1022 722 1177 808 wentam

401 817 533 876 Solando
548 816 630 893 eupit
643 825 675 875 et
688 815 777 875 dictis
790 824 926 875 auertere
939 834 1037 895 cums„

400 912 498 970 Multa
510 927 636 988 gemens
649 928 819 986 magnoque
832 910 964 969 animum
979 909 1144 974 labefactes
1156 927 1268 984 amore,
1344 934 1385 976 eno

397 1006 487 1081 Jussa
501 1013 600 1063 tamen
617 1002 720 1062 divum
733 1003 911 1078 exsequitur,
927 1003 1119 1079 classe-que-
1129 1002 1237 1068 revisit.

398 1099 477 1155 Tum
491 1114 563 1155 vero
577 1095 684 1155 Teucri
699 1094 874 1155 incumbunt
887 1104 918 1154 et
932 1096 1019 1156 litore
1033 1096 1131 1159 celsas

399 1190 562 1249 Deducunt
576 1198 641 1247 toto
654 1207 756 1249 naves„
791 1190 884 1248 Natat
898 1199 989 1248 uncta
1001 1188 1112 1261 carina,

399 1283 648 1358 Frondentesque
662 1282 760 1341 ferunt
772 1299 875 1341 remos
887 1290 919 1341 et
932 1282 1041 1342 robora
1053 1280 1139 1344 siluis¹

398 1375 588 1447 Insabricata,
604 1375 691 1452 fugae
705 1372 814 1433 studio.

398 1468 568 1546 Migrantes
580 1485 696 1540 cernas,
712 1476 834 1543 totaque
849 1484 887 1526 ex
900 1466 974 1526 urbe
988 1474 1117 1528 mentae

397 1563 444 1620 Ac
458 1561 541 1620 velut
554 1561 707 1637 ingentem
721 1560 862 1619 formicae
875 1558 961 1618 farris
975 1577 1113 1622 aceruum

397 1655 498 1729 Quum
513 1654 667 1731 populant,
682 1652 788 1712 hiemis
801 1670 960 1725 memores,
977 1661 1117 1727 tectoque
1129 1661 1300 1730 reponunt;

397 1747 427 1806 It
442 1745 558 1824 nigrum
573 1745 688 1822 campis
702 1764 819 1824 agmen,
833 1744 1035 1821 praedamque
1049 1762 1104 1821 per-
1116 1744 1226 1804 herbas

397 1840 585 1900 Convectant
598 1840 674 1900 calle
688 1850 816 1919 angusto
828 1861 838 1914 ;
851 1840 928 1917 'pars
941 1838 1066 1917 grandia
1079 1839 1203 1902 nudent
1341 1865 1381 1907 eos

397 1930 535 1997 Obnixae
548 1932 697 1992 frumenta
710 1932 860 2008 humeris;
880 1951 951 2009 pars
964 1932 1085 2010 agmina
1097 1941 1210 2011 cogunt

398 2020 613 2103 Castigantque
627 2043 745 2100 moras3
765 2043 857 2102 opere
869 2024 968 2089 omnis
983 2025 1089 2086 semita
1101 2025 1203 2086 lenes

397 2118 474 2191 Quis
488 2117 542 2177 tibi
556 2128 628 2192 tum,
644 2118 735 2191 Dido,
751 2116 885 2178 cernenti
899 2117 970 2178 talia
983 2136 1098 2191 sensus,

379 2221 381 2224 '
397 2211 520 2284 Quosve
535 2211 630 2271 dabas
643 2211 781 2289 gemitus,
797 2230 888 2288 quum
904 2211 991 2271 litora
1003 2211 1118 2271 fervere
1131 2210 1193 2274 late

397 2304 588 2381 Prospieeres
603 2323 670 2364 arce
685 2323 861 2378 exsumma,
876 2313 1032 2380 totumque
1044 2304 1164 2368 videres
1341 2325 1382 2368 ιν

397 2396 520 2457 Misceri
534 2407 603 2457 ante
618 2398 723 2458 oculos
737 2397 828 2457 tantis
842 2396 1022 2457 clamoribus
1035 2398 1168 2473 aequor?

397 2490 539 2565 Improbe
553 2509 644 2565 amor,
660 2491 735 2568 quid
748 2509 812 2551 non
825 2490 961 2550 mortalia
974 2501 1098 2568 pectora
1109 2490 1214 2569 cogis?

396 2583 445 2641 Ire
460 2582 567 2641 iterum
579 2582 611 2648 in
624 2583 770 2658 lacrimas,
786 2583 893 2665 iterum
907 2593 1022 2644 tentare
1036 2584 1192 2661 precando

398 2674 531 2753 Cogitur,
547 2686 578 2735 et
592 2677 719 2754 supplex
732 2676 851 2736 animos
863 2676 1036 2738 submittere
1050 2676 1155 2750 amori,

396 2769 444 2828 Ne
458 2768 531 2845 quid
545 2769 732 2847 inexpertum
745 2770 853 2829 frustra
866 2769 1009 2830 moritura
1021 2770 1176 2846 relinquat
1338 2796 1378 2838 su

437 2864 535 2935 Anna,
550 2862 637 2922 vides
650 2872 714 2923 toto
727 2863 881 2941 properari
895 2862 1001 2922 litorei
1041 2861 1163 2923 Circum

396 2954 540 3031 Undique
555 2973 746 3031 convenere;
764 2966 852 3016 vocat
869 2956 933 3035 jam
946 2954 1088 3016 carbasus
1100 2974 1197 3030 anuas,

397 3046 551 3124 Puppibus
564 3057 596 3107 et
609 3048 679 3107 laeti
692 3058 800 3108 nautae
813 3049 982 3127 imposuere
996 3065 1132 3110 coronas.

397 3142 491 3200 Hunc
504 3158 561 3218 ego
575 3139 601 3200 si
614 3140 698 3217 potui
711 3151 827 3201 tantum
840 3160 960 3219 sperare
974 3141 1118 3215 dolorem,

397 3234 436 3292 Et
449 3234 586 3311 perferre,
602 3252 694 3307 soror,
708 3244 822 3311 potero.
864 3235 1000 3296 Miserae
1009 3235 1067 3294 boc
1081 3244 1182 3296 tamen
1195 3251 1287 3298 uulun
1334 3260 1375 3302 ⁴¹⁰.

397 3326 576 3403 Exsequere,
593 3329 691 3400 Anna,
705 3326 779 3385 mibi
788 3347 806 3401 ;⁴
817 3328 914 3387 solam
927 3346 996 3387 mm
1011 3326 1143 3405 perfides
1156 3325 1206 3394 ille

396 3419 442 3478 Te
455 3419 563 3493 colere,
578 3437 704 3480 meanos
717 3419 807 3479 amm
820 3420 875 3479 tibi
889 3420 1009 3481 credere
1024 3438 1148 3495 sensim

398 3511 469 3571 Sola
481 3512 536 3570 viri
549 3512 656 3572 molles
670 3512 769 3572 aditus
782 3522 814 3573 et
827 3523 962 3589 tempora
975 3529 1066 3573 noras
1077 3534 1084 3575 ι

397 3605 423 3677 I,
439 3622 531 3678 soror,
546 3614 636 3681 atque
650 3606 768 3670 hostem
782 3606 909 3682 supplex
922 3606 1011 3665 affare
1024 3604 1205 3683 supernum:

398 3698 469 3756 Non
483 3714 539 3774 ego
553 3716 621 3757 cum
636 3698 751 3758 Danais
764 3699 928 3775 Trojanam
940 3698 1115 3760 exscindere
1128 3708 1252 3777 gentem
1341 3719 1380 3762 aas

396 3789 507 3849 Aulide
523 3788 627 3869 jwavi,
642 3789 805 3850 classemve
819 3791 858 3850 ad
873 3792 1020 3869 Pergama
1031 3790 1108 3864 misi,

398 3883 464 3943 Nec
476 3882 569 3959 patris
582 3882 735 3942 Anobisae
747 3882 879 3942 cinmem
893 3885 1044 3943 Manesue
1054 3882 1181 3944 reuelli:

398 3975 460 4037 Cur
471 3993 540 4036 mea
553 3975 634 4036 dicta
646 3985 736 4055 negat
749 3975 840 4042 deeras
852 3974 1009 4037 demittere
1023 3975 1058 4038 iu
1069 3976 1182 4040 aures}
