3550 4859
399 579 455 650 184
488 623 492 629 .
713 594 738 636 r.
758 593 892 636 vinoun
915 593 1060 637 uhrours

313 796 315 799 ,
396 736 557 796 Piniferum
571 747 661 813 caput
675 746 705 796 et
718 747 808 796 vento
823 738 955 815 pulsatur
969 747 999 797 et
1013 736 1119 812 imbri;
1152 798 1155 805 ,

397 832 457 891 Nix
471 833 610 891 humeros
624 831 721 891 infusa
734 830 827 907 tegit3
846 842 910 891 tum
924 830 1047 891 flumina
1060 842 1162 892 mento
1341 860 1384 900 ῃ

397 924 597 1002 Praecipitant
611 924 699 997 senis,
716 935 747 984 et
760 923 855 1001 glacie
869 923 945 1001 riget
958 924 1077 984 horrida
1089 926 1190 985 barba

398 1019 460 1079 Hic
474 1016 602 1094 primum
616 1016 736 1093 paribus
749 1018 849 1077 nitens
863 1016 1016 1095 Cyllenius
1033 1016 1088 1077 alis

398 1109 559 1183 Constitit;
579 1109 650 1169 hinc
663 1119 730 1170 toto
744 1128 887 1187 praeceps
902 1129 940 1170 se.
949 1128 1073 1187 corpore
1081 1110 1126 1171 -ad
1140 1109 1241 1171 undas

375 1272 378 1278 ¹
398 1204 490 1278 Misit,
507 1203 554 1263 avi
569 1202 680 1276 similis,
696 1222 773 1279 quae
787 1203 899 1263 circum
913 1202 1009 1276 litora,
1024 1202 1136 1263 circum

399 1297 537 1358 Piscosos
553 1296 693 1373 scopulos
706 1296 827 1355 humilis
840 1296 923 1355 volat
936 1314 1067 1373 aequora
1077 1296 1169 1374 juxta.

399 1391 493 1450 Haud
508 1389 592 1449 aliter
605 1399 697 1449 terras
710 1387 787 1448 inter
800 1389 978 1465 coelumque
991 1389 1123 1463 volabat,

396 1483 485 1542 -Litus
500 1501 656 1542 arenosum
672 1482 784 1559 Libyae
798 1491 965 1558 ventosque
980 1481 1101 1543 secabat

400 1578 539 1636 Materno
553 1575 677 1635 veniens
691 1576 730 1635 ab
744 1594 801 1635 avo
816 1574 953 1653 Cyllenia
966 1574 1075 1651 proles.

400 1671 444 1729 Ut
458 1668 585 1746 primum
599 1667 684 1727 alatis
699 1667 794 1745 tetigit
807 1668 935 1745 magalia
948 1668 1067 1745 plantis,

399 1764 523 1822 Aenean
538 1762 712 1824 fundantem
726 1779 810 1822 arces
823 1780 859 1822 ac
872 1770 953 1822 tecta
966 1771 1131 1821 novantem

401 1855 576 1932 Conspicit:
596 1865 687 1931 atque
700 1853 746 1913 illi·
757 1854 892 1915 stellatus
905 1853 1020 1931 iaspide
1033 1855 1114 1914 fulva
1208 1871 1211 1877 ·

401 1948 489 2007 Ensis
503 1957 574 2021 erat,
590 1946 742 2025 Tyrioque
756 1949 879 2008 ardebat
893 1947 1004 2008 murice
1018 1947 1107 2007 laena

401 2040 539 2100 Demissa
553 2061 590 2101 ex
603 2041 742 2114 humeris,
757 2040 841 2101 dives
854 2059 933 2117 quae
946 2059 1072 2101 munera
1085 2039 1170 2101 Dido

402 2137 524 2195 Fecerat
538 2145 568 2194 et
582 2133 665 2194 tenui
678 2135 753 2194 telas
767 2132 947 2193 discreverat
960 2152 1040 2194 auro
1085 2169 1087 2173 ·

402 2229 557 2288 Continuo
569 2226 701 2287 invadit:
720 2229 769 2287 Tu
781 2245 862 2287 nunc
877 2226 1072 2304 Karthaginis
1085 2228 1164 2287 altae

403 2322 610 2381 Frmdamenta
622 2322 713 2394 locas,
728 2320 943 2397 pulchramque
956 2320 1076 2381 uxorius
1089 2321 1194 2381 urbem

403 2413 556 2475 Exstruis?
575 2415 635 2474 heu
648 2414 730 2491 regni
744 2432 902 2490 rerumque
917 2412 1008 2474 oblite
1023 2417 1157 2475 tuanrml

404 2511 474 2585 Ipse
488 2509 578 2569 deum
592 2507 646 2568 tibi
661 2526 708 2567 me
723 2508 803 2567 claro
817 2506 947 2568 demittit
960 2506 1092 2585 Olympo
1162 2587 1163 2590 Ἴ

403 2604 564 2679 Regnator,
580 2602 697 2661 coelum
711 2611 742 2661 et
754 2611 850 2660 terras
862 2598 914 2677 qui
927 2599 1049 2660 numine
1063 2608 1202 2676 torquet;

403 2697 473 2772 Ipse
488 2696 563 2755 haec
578 2696 652 2755 ferre
663 2694 750 2774 jubet
763 2694 876 2754 celeres
889 2693 1031 2753 mandata
1044 2711 1098 2771 per
1110 2711 1214 2753 auras:

327 2857 331 2864 ¹
403 2786 484 2863 Quid
499 2787 607 2848 struis?
627 2796 679 2848 aut
692 2806 752 2865 qua
766 2805 819 2865 spe
834 2784 956 2864 Libycis
970 2784 1040 2846 teris
1054 2785 1116 2848 otia
1129 2785 1235 2847 terris?

403 2880 435 2941 Si
449 2890 479 2940 te
493 2882 575 2940 nulla
589 2890 690 2941 movet
703 2891 850 2941 tantarum
864 2877 959 2957 gloria
972 2897 1069 2939 rerum

403 2976 469 3034 Nec
483 2992 572 3051 super
585 2973 649 3051 ipse
664 2985 715 3033 tua
728 2972 840 3033 moliris
853 2973 943 3032 laude
956 2973 1099 3047 laborem,

404 3066 566 3127 Ascanium
581 3077 748 3143 surgentem
764 3077 794 3127 et
808 3084 877 3143 spes
889 3065 1009 3126 heredis
1023 3064 1083 3125 Iuli

404 3159 542 3237 Respice,
559 3158 606 3219 cui
621 3177 743 3236 regnum
758 3159 864 3219 Italiae
879 3160 1077 3234 Romanaque
1090 3156 1177 3219 tellus

355 3304 358 3311 Δ
404 3253 566 3312 Debentur
609 3252 678 3311 Tali
691 3252 846 3329 Cyllenius
859 3270 911 3313 ore
925 3252 1041 3311 loeutus

404 3346 548 3405 Mortales
562 3344 642 3404 visus
655 3344 760 3405 medio
771 3363 908 3406 sermone
922 3342 1049 3421 reliquit,

404 3440 443 3497 Et
456 3438 561 3515 procul
575 3437 604 3495 in
619 3448 740 3497 tenuem
754 3457 791 3498 ex
805 3438 901 3498 oculis
915 3436 1158 3499 evanuitauranu

445 3534 487 3590 At
500 3549 571 3591 vero
586 3533 705 3590 Aeneas
719 3531 864 3607 adspectu
877 3530 1027 3591 obmutuit
1040 3547 1153 3603 amens,

404 3627 604 3700 Arrectaeque
617 3624 737 3684 horrore
751 3641 864 3697 comae,
880 3633 911 3683 et
919 3640 983 3683 ror
997 3624 1131 3683 faucibus
1145 3618 1250 3681 haesit
1345 3634 1389 3677 ab
1409 3674 1412 3679 .

406 3717 500 3777 Ardet
514 3717 595 3777 abire
609 3717 678 3793 suga
692 3716 854 3792 dulcesque
867 3714 1034 3793 relinquere
1048 3726 1149 3788 terras,

406 3810 562 3871 Attonitus
573 3820 660 3870 tanto
670 3808 786 3868 monitu
800 3807 984 3885 imperioque
999 3808 1131 3869 deorum

407 3906 478 3963 Heu
493 3903 566 3979 quid
579 3904 667 3979 agat?
688 3920 749 3978 quo
762 3918 842 3960 nunc
856 3900 988 3979 reginam
1002 3899 1115 3961 ambire
1128 3899 1275 3960 furentem
1376 3949 1378 3953 .

406 3997 526 4057 Audeat
539 3996 649 4057 affatu?
669 4012 746 4073 qrrae
759 3992 856 4072 prima
868 3992 992 4056 exordia
1005 3994 1126 4055 sumat?
