3550 4859
728 575 889 623 annuos
907 575 967 623 una
990 576 1038 624 nr.
1319 579 1375 644 ιη

398 723 506 781 Lustra
520 721 685 799 domosque
699 724 792 797 nabo,
806 733 968 801 vastosque
982 725 1022 785 ab
1035 739 1109 802 rupe
1121 724 1274 804 Cyclopas

399 813 562 893 Prospicio,
578 817 768 893 sonitumque
781 818 893 894 pedum
907 835 1072 894 vocemque
1085 818 1235 879 tremison

396 909 518 968 Victum
534 908 693 981 infelicem,
707 909 818 969 baccas
832 911 1027 987 lapidosaque
1040 929 1141 985 corna,

398 1003 480 1060 Dant
494 1000 576 1073 rami,
591 1011 623 1061 et
636 1002 728 1061 vulsis
741 1013 869 1079 pascunt
882 1003 1034 1064 radicibus
1048 1004 1165 1063 herbae
1339 1017 1378 1068 ⁶³·

398 1093 509 1154 Omnia
522 1095 708 1169 collustrans,
724 1096 803 1154 hanc
815 1096 943 1173 primum
957 1097 996 1157 ad
1011 1096 1099 1157 litora
1111 1098 1238 1157 classem

398 1187 551 1264 Conspexi
565 1188 742 1247 venientem.
786 1190 868 1248 Huic
882 1208 940 1263 me,
956 1207 1161 1266 quaecumque
1175 1190 1288 1263 fuisset,

398 1280 530 1340 Addixi:
551 1280 624 1340 satis
639 1291 685 1339 est
698 1291 819 1358 gentem
833 1280 972 1358 effirgisse
986 1284 1154 1342 nefandam

396 1375 462 1433 Vos
476 1373 605 1432 animam
620 1373 698 1432 hanc
711 1374 812 1450 potius
826 1393 1014 1451 quocumque
1028 1374 1175 1435 absumite
1188 1375 1259 1436 leto.

437 1466 497 1523 Vix
512 1485 548 1525 ea
561 1466 638 1525 fatus
653 1476 722 1540 erat,
740 1485 856 1525 summo
870 1485 961 1543 quum
975 1477 1077 1527 monte
1090 1467 1227 1529 videmus
1334 1485 1378 1535 ass

398 1561 503 1635 Ipsum
518 1558 595 1617 inter
608 1559 740 1635 pecudes
753 1569 839 1618 vasta
853 1577 885 1619 se
900 1561 979 1619 mole
993 1564 1164 1620 moventem

397 1653 549 1711 Pastorem
565 1652 779 1729 Polyphemum
793 1662 824 1711 et
838 1651 925 1712 litora
939 1663 1010 1713 nota
1024 1663 1184 1730 petentem,

397 1746 566 1804 Monstrum
571 1745 760 1818 horrendum,
767 1743 902 1819 informe,
909 1746 1184 1823 ingens,cuilumen
1193 1746 1375 1825 ademptum.

395 1838 516 1896 Trunca
530 1857 619 1896 manu
633 1838 721 1913 pinus
736 1839 811 1916 regit
824 1850 855 1898 et
868 1840 992 1916 vestigia
1005 1839 1103 1899 firmat
1108 1861 1117 1913 ;

396 1930 560 2008 Lanigerae
575 1931 753 1990 comitantur
767 1950 857 2007 oves3
877 1951 914 1992 ea
927 1932 991 1993 sola
1004 1933 1143 2010 voluptas
1337 1946 1378 1987 “a

398 2025 599 2100 Solamenque
613 2024 691 2083 mali.

396 2119 561 2194 Postquam
575 2117 653 2176 altos
668 2115 763 2195 tetigit
777 2117 884 2177 fluctus
899 2117 981 2179 etad
996 2137 1126 2195 aequora
1138 2118 1229 2193 venit,

398 2210 532 2269 Luminis
547 2209 647 2269 effossi
661 2208 785 2269 fluidum
798 2211 869 2270 lavit
883 2211 954 2270 inde
967 2229 1111 2286 cruorem,

397 2303 548 2362 Dentibus
563 2302 736 2361 infrendens
749 2302 870 2381 gemitu,
885 2303 1077 2381 graditurque
1091 2322 1145 2381 per
1158 2321 1273 2380 aequor

395 2397 464 2472 Jam
478 2395 617 2469 medium,
632 2396 760 2454 necdum
774 2396 881 2455 fluctus
896 2397 986 2456 latera
999 2397 1092 2456 ardua
1105 2396 1199 2457 tinxit.

397 2490 465 2549 Nos
479 2488 583 2566 procul
598 2488 668 2546 inde
682 2489 782 2566 fugam
796 2488 905 2565 trepidi
919 2490 1058 2563 celerare,
1075 2501 1197 2567 recepto

396 2581 536 2658 Supplice
551 2580 595 2640 sic
609 2581 723 2654 merito,
740 2579 882 2657 tacitique
897 2582 1028 2641 incidere
1043 2583 1164 2659 limem3

396 2675 551 2735 Verrimus
565 2683 596 2734 et
609 2675 696 2751 proni
711 2676 895 2735 certantibus
908 2693 1039 2751 aequora
1051 2677 1149 2737 remis.

398 2768 507 2841 Sensit,
523 2757 553 2827 et
567 2767 605 2825 ad
620 2767 750 2827 sonitum
763 2767 847 2828 vocis
860 2768 985 2845 vestigia
998 2770 1092 2829 torsit

397 2864 509 2921 Verum
524 2860 575 2919 ubi
590 2862 671 2919 nulla
685 2861 771 2920 datur
784 2861 889 2921 deutra
902 2863 1041 2922 affectare
1055 2872 1198 2940 potestas,

398 2956 465 3013 Nec
480 2953 560 3030 potis
576 2954 679 3013 Ionios
693 2954 801 3013 fluctus
815 2973 945 3031 aequare
959 2956 1123 3032 sequendo,

398 3047 568 3107 Clamorem
583 3047 761 3105 immensum
775 3047 860 3121 tollit,
877 3065 939 3124 quo
952 3058 1063 3125 pontus
1077 3057 1108 3107 et
1120 3065 1225 3107 ornnes

399 3142 614 3199 Contremuere
628 3140 736 3213 undae,
752 3139 932 3217 penitusque
946 3141 1085 3201 exterrita
1099 3141 1186 3201 tellus

399 3233 513 3305 Italiae,
529 3232 687 3308 curvisque
701 3232 848 3308 immugiit
863 3235 963 3292 Aetna
976 3234 1118 3293 cavernis.

398 3328 441 3384 At
455 3344 549 3401 genus
564 3343 581 3383 e
596 3324 678 3384 silvis
693 3326 859 3403 Cyclopum
873 3336 905 3385 et
918 3326 1069 3386 montibus
1083 3327 1151 3386 altis

399 3418 537 3477 Excitum
552 3418 609 3476 ruit
623 3418 662 3476 ad
676 3428 778 3495 portus
792 3429 822 3477 et
837 3418 925 3477 litora
938 3420 1098 3496 complent.
1184 3462 1191 3473 .

399 3511 558 3572 Cernimus
573 3510 727 3571 adstantes
741 3511 945 3587 nequidquam
959 3512 1070 3571 lumine
1085 3521 1170 3571 torro

399 3606 553 3663 Aetnaeos
566 3604 681 3676 fratres,
697 3604 783 3663 coelo
798 3605 899 3680 capita
912 3605 974 3664 alta
986 3605 1125 3678 ferentes,

399 3695 569 3757 Concilium
585 3697 788 3755 horrendum:
808 3698 912 3772 quales
928 3714 1019 3771 quum
1032 3697 1143 3757 vertice
1155 3693 1240 3758 celso

399 3788 508 3849 Aeriae
524 3807 659 3865 quercus,
676 3798 726 3847 aut
739 3788 889 3848 coniferae
903 3789 1046 3867 cyparissi
1343 3802 1382 3843 aaa

399 3882 617 3955 Constiterunt,
633 3882 708 3939 silva
721 3882 782 3940 alta
795 3882 888 3957 Jovis,
904 3882 1027 3941 lucusve
1041 3880 1166 3941 Dianae.

400 3974 584 4053 Praecipites
598 3982 695 4033 metus
709 3991 778 4033 acer
791 3973 852 4052 agit
866 3991 1056 4051 quoerunque
1069 3973 1211 4035 rudentes
