3550 4859
446 542 501 619 156
758 555 783 599 r.
806 555 938 598 vuromn
960 554 1102 600 uramus

442 703 520 761 Tum
534 700 577 761 sic
591 700 673 761 affari
687 710 717 760 et
731 718 815 760 curas
829 699 876 758 his
890 699 1010 759 demere
1024 699 1132 759 dictis:

443 794 523 870 Quid
538 805 651 853 tantum
666 794 771 851 insano
789 793 873 869 juvat
886 792 1040 870 indulgere
1054 789 1159 865 dolori,

442 890 470 948 O
485 886 581 946 dulcis
595 887 725 963 conjux?
745 904 807 944 non
820 886 895 944 haec
909 884 972 944 sine
987 883 1108 944 numine
1122 884 1223 944 divum

443 980 607 1051 Eveniunt,
627 998 683 1037 nec
697 989 726 1037 te
740 978 810 1037 hinc
824 977 964 1037 comitem
979 987 1129 1053 asportare
1144 979 1292 1038 Creusam

444 1074 502 1131 Fas
516 1082 566 1130 aut
581 1071 630 1130 ille
645 1069 715 1130 sinit
729 1070 829 1147 superi
842 1079 981 1147 regnator
995 1068 1124 1148 Olympi.

442 1168 547 1243 Longa
560 1164 614 1223 tibi
628 1164 739 1236 exsilia,
755 1173 785 1222 et
798 1172 914 1221 vastum
928 1163 1017 1222 maris
1031 1181 1143 1239 aequor
1157 1163 1311 1237 arandum,
1356 1213 1359 1219 .

443 1260 482 1317 Et
496 1268 602 1317 terram
618 1257 799 1333 Hesperiam
813 1256 924 1329 venies,
940 1254 990 1314 ubi
1005 1256 1118 1332 Lydius
1132 1275 1202 1316 arva

444 1352 527 1410 Inter
541 1350 641 1427 opima
654 1350 748 1408 virum
763 1346 824 1407 leni
837 1348 901 1407 fluit
915 1348 1032 1426 agmine
1046 1348 1176 1426 Thybris
1190 1368 1197 1409 ε

444 1443 509 1502 Illic
523 1462 569 1501 res
584 1442 679 1501 laetae
693 1460 875 1519 regnumque
890 1450 920 1501 et
934 1441 1013 1519 regia
1026 1441 1136 1519 conjux

443 1536 531 1592 Parta
544 1532 606 1593 tibi.
648 1533 799 1592 Lacrimas
814 1532 941 1591 dilectae
955 1531 1033 1608 pelle
1049 1533 1200 1591 Creusae:

443 1628 512 1686 Non
528 1645 584 1704 ego
600 1626 823 1703 Myrmidonum
837 1624 926 1684 sedes
941 1626 1130 1701 Dolopumve
1145 1624 1288 1701 superbas
1383 1638 1420 1687 ⁷⁸5

442 1719 625 1795 Adspiciam,
641 1727 692 1777 aut
705 1717 804 1777 Graiis
818 1717 958 1777 servitum
972 1717 1116 1778 matribus
1129 1718 1189 1791 ibo,

443 1812 601 1884 Dardanis,
618 1823 647 1870 et
661 1809 747 1870 divae
760 1811 889 1871 Veneris
903 1830 995 1870 nurus
1007 1832 1016 1886 3

444 1905 504 1965 Sed
518 1923 566 1963 me
580 1924 689 1982 magna
702 1905 791 1963 deum
804 1905 940 1982 genetrix
953 1904 1000 1964 his
1014 1904 1128 1964 detinet
1142 1903 1212 1964 oris.

442 1998 568 2074 Jamque
582 1997 657 2070 vale,
672 2007 703 2056 et
717 1997 778 2057 nati
792 2016 877 2056 serva
891 1998 1057 2057 communis
1071 2016 1210 2057 amorem.

444 2092 531 2149 Haec
545 2089 596 2149 ubi
610 2090 691 2149 dicta
704 2090 796 2163 dedit,
812 2090 1017 2149 lacrimantem
1031 2101 1061 2150 et
1075 2091 1168 2150 multa
1181 2090 1333 2151 volentem

445 2183 553 2243 Dicere
569 2182 706 2255 deseruit,
718 2194 882 2259 tenuesque
894 2182 1017 2243 recessit
1030 2183 1061 2241 in
1075 2201 1170 2242 auras.
1365 2172 1372 2184 ’

442 2277 504 2335 Ter
517 2286 641 2336 conatus
656 2275 697 2334 ibi
710 2279 790 2335 collo
804 2276 875 2335 dare
888 2275 1011 2336 brachia
1024 2276 1135 2336 circum
1148 2298 1155 2336 ι

442 2368 503 2428 Ter
516 2369 624 2428 frustra
637 2387 813 2445 comprensa
826 2388 932 2428 manus
946 2368 1048 2445 effugit
1062 2368 1169 2446 imago,

444 2463 502 2521 Par
515 2461 628 2521 levibus
642 2462 739 2521 ventis
752 2461 923 2538 volucrique
938 2461 1089 2520 simillima
1102 2478 1219 2520 somno.
1262 2482 1264 2486 ’

485 2554 535 2614 Sic
548 2554 669 2614 demum
683 2554 783 2614 socios
797 2563 975 2632 consumpta
988 2564 1076 2613 nocte
1090 2552 1195 2613 reviso.

444 2650 544 2723 Atque
557 2646 606 2706 hic
621 2647 772 2724 ingentem
786 2647 929 2706 comitum
944 2646 1094 2705 affluxisse
1108 2663 1253 2705 novorum

444 2740 571 2800 Invenio
586 2739 734 2798 admirans
748 2758 913 2812 numerum,
929 2749 1105 2815 matresque,
1121 2738 1266 2814 virosque,

444 2833 610 2892 Collectam
625 2832 729 2891 exsilio
742 2832 863 2910 pubem,
879 2832 1048 2891 miserabile
1061 2832 1176 2909 vulgus.

443 2925 589 3001 Undique
604 2942 779 2998 convenere,
795 2925 902 2984 animis
917 2925 1084 3001 opibusque
1097 2922 1201 3001 parati,

444 3019 483 3077 In
497 3036 698 3094 quascumque
712 3017 801 3076 velim
815 3017 923 3095 pelago
938 3017 1086 3076 deducere
1100 3025 1202 3076 terras.

444 3112 570 3187 Jamque
590 3109 667 3186 jugis
682 3127 813 3168 summae
828 3111 966 3187 surgebat
981 3110 1099 3170 Lucifer
1114 3109 1189 3169 Idae

446 3203 642 3279 Ducebatque
656 3202 745 3275 diem,
761 3202 921 3279 Danaique
935 3203 1061 3262 obsessa
1074 3203 1219 3261 tenebant

446 3294 563 3356 Limina
576 3305 735 3373 portarum,
751 3314 807 3355 nec
822 3314 892 3373 spes
906 3295 972 3372 opis
986 3296 1047 3354 ulla
1062 3295 1210 3371 dabatur3

447 3389 534 3450 Cessi
548 3398 578 3448 et
592 3388 710 3449 sublato
724 3397 841 3449 montes
854 3386 989 3469 genitore
1002 3387 1103 3467 petivt
