3550 4859
476 563 516 623 ³4
811 562 838 606 r.
860 561 962 605 ovmrr
985 561 1119 606 ursoms

477 706 581 769 Pande
594 708 754 786 requirenti
767 725 880 768 nomen
894 718 1048 784 terraeque
1060 718 1212 784 tuumque,
1245 710 1249 716 '
1278 713 1281 720 '
1416 713 1456 762 sto

477 803 517 861 Et
530 820 584 861 cur
595 801 694 862 uincla
705 819 797 879 geras
841 800 943 859 Primo
956 800 1024 860 silet
1037 800 1094 875 illa,
1110 820 1167 861 uec
1181 800 1271 862 audet

478 896 638 971 Appellare
651 894 746 953 virum
759 894 842 971 virgo
852 915 862 969 3
882 892 1079 970 manibusque
1092 894 1247 955 modestos

478 989 614 1048 Celasset
626 989 732 1061 vultus,
748 986 845 1046 sinon
859 985 982 1063 religata
995 986 1106 1048 fuisset

478 1078 614 1154 Lumina,
631 1080 711 1156 quod
726 1079 832 1157 potuit,
848 1079 976 1140 lacrimis
991 1080 1125 1159 implevit
1136 1081 1256 1143 obortis

477 1172 601 1249 Saepius
615 1171 744 1246 instanti,
761 1190 814 1232 sua
827 1191 866 1232 ne
879 1172 991 1234 delicta
1004 1176 1087 1235 lateri
1417 1183 1457 1236 ως

478 1267 568 1325 Nolle
582 1264 736 1339 videretur,
751 1281 863 1325 nomen
877 1276 1031 1345 terraeque
1045 1287 1199 1346 suumque,

478 1359 659 1434 Quantaque
673 1369 824 1420 maternae
837 1360 925 1421 suerit
939 1362 1049 1421 fiducia
1062 1364 1183 1435 formae,

479 1450 616 1526 Indicat3
637 1462 675 1525 et,
691 1454 825 1512 nondum
839 1454 1010 1514 memoratis
1024 1454 1171 1528 omnibus,
1187 1454 1268 1514 unda

480 1544 625 1619 Insonuit,
640 1546 822 1624 veniensque
836 1547 984 1608 immenso
997 1549 1098 1608 bellua
1110 1558 1205 1625 ponto

479 1637 600 1698 Eminet
613 1650 644 1699 et
658 1640 751 1700 latum
766 1643 821 1701 sub
835 1652 956 1717 pectore
969 1640 1103 1717 possidet
1114 1657 1233 1717 sequor.
1416 1653 1459 1699 ⁶00

480 1734 658 1793 Conclamat
672 1732 773 1813 virgo:
793 1734 909 1811 genitor
923 1734 1052 1811 lugubris
1066 1743 1097 1793 et
1110 1752 1171 1793 una
1368 1743 1369 1747 ’

481 1827 580 1904 Mater
594 1827 686 1901 adest,
702 1829 792 1887 ambo
806 1826 914 1900 miseri,
929 1827 983 1886 sed
1002 1826 1108 1903 justius
1122 1826 1192 1900 illa3

480 1920 548 1979 Nec
562 1926 663 1979 secum
672 1919 827 1994 auxilium,
844 1920 896 1979 sed
912 1918 1019 1996 dignos
1032 1929 1166 1995 tempore
1180 1919 1267 1979 fletus

481 2013 718 2089 Plangoremque
731 2014 837 2087 ferunt,
851 2014 1013 2089 vinctoque
1027 2012 1058 2071 in
1073 2031 1196 2089 corpore
1210 2012 1380 2072 adhaerent.

481 2105 583 2179 Quum
594 2104 636 2165 sic
650 2107 760 2183 hospes
773 2105 833 2165 ait:
854 2104 1055 2165 Lacrimarum
1069 2105 1159 2182 longa
1172 2124 1292 2165 manere
1416 2117 1458 2169 ⁶⁹⁵

480 2200 632 2275 Tempora
641 2217 696 2258 vos
709 2207 849 2275 poterunt
859 2220 868 2272 ;
886 2198 925 2257 ad
940 2216 1029 2275 opem
1039 2197 1137 2258 brevis
1151 2198 1225 2256 hora
1238 2198 1390 2258 ferendam
1400 2208 1456 2259 cst

482 2294 573 2352 Hanc
587 2291 682 2368 egosi
696 2302 827 2368 peterem
843 2293 968 2351 Perseus
981 2292 1057 2368 Jove
1072 2301 1159 2351 natus
1173 2302 1203 2351 et
1217 2290 1276 2365 illa,
1321 2341 1323 2345 Α

481 2386 580 2459 Quam
592 2386 722 2444 clausam
737 2384 870 2461 implevit
883 2385 1013 2445 secundo
1027 2384 1143 2462 Jupiter
1156 2403 1237 2457 euro,

481 2477 630 2554 Gorgonis
644 2477 838 2555 anguicomae
853 2480 977 2537 Perseus
991 2488 1152 2555 superator,
1165 2486 1195 2537 et
1209 2476 1264 2537 alis

480 2570 636 2629 Aetherias
650 2587 739 2630 ausus
749 2569 867 2649 jactatis
881 2571 923 2630 ire
937 2589 991 2647 per
1004 2589 1097 2644 auras,
1409 2595 1460 2634 ,τω

480 2664 645 2724 Praeferrer
658 2663 773 2724 cunctis
786 2675 866 2724 certe
880 2681 989 2741 gener:
1009 2664 1118 2725 addere
1133 2664 1223 2724 tantis

482 2756 612 2816 Dotibus
626 2767 657 2818 et
670 2757 984 2817 meritum-faveant
996 2758 1089 2818 modo
1103 2757 1275 2818 numinu-
1283 2767 1375 2818 tento.

484 2850 528 2908 Ut
542 2868 609 2909 mea
623 2850 670 2923 sit,
686 2860 800 2909 servata
813 2868 881 2909 mea
893 2852 1010 2924 virtute,
1026 2851 1167 2927 paciscor.

481 2941 642 3017 Accipiunt
656 2944 801 3019 legem-
810 2942 876 3019 quis
889 2942 971 3003 enim
984 2943 1134 3003 dubitaret
1142 2945 1153 3003 i
1161 2950 1202 2988 -'-
1210 2954 1240 3004 et
1253 2955 1341 3005 orant

481 3034 720 3111 Promittuntque
734 3053 824 3112 super
835 3053 959 3113 regnum
973 3036 1074 3096 dotale
1087 3046 1235 3114 parentes.
1420 3063 1459 3105 m

481 3129 571 3201 Ecce,
585 3129 667 3187 velut
680 3128 764 3187 navis
777 3128 908 3205 praefixo
922 3128 1041 3189 concita
1054 3138 1151 3189 rostro

409 3262 411 3265 <
482 3222 585 3282 Sulcat
598 3239 699 3298 aquas,
713 3222 855 3298 juvenum
869 3221 1046 3282 sudentibus
1064 3233 1131 3281 acta
1144 3221 1268 3298 lacertis,

483 3313 532 3375 Sic
546 3316 615 3388 sera,
631 3314 752 3374 dimotis
766 3315 895 3391 impulsu
908 3314 1039 3391 pectoris
1050 3314 1158 3375 undis:

480 3409 612 3467 Tantum
627 3409 729 3467 aberat
742 3406 881 3484 scopulis,
898 3418 1041 3483 quantum
1057 3407 1208 3469 Balearica
1221 3419 1301 3470 torto

481 3501 588 3560 Funda
601 3511 700 3577 potest
714 3501 838 3576 plumbo
852 3500 944 3560 medii
958 3502 1156 3562 transmittere
1170 3502 1256 3577 coeli,

481 3593 583 3668 Quum
598 3593 696 3654 subito
708 3593 833 3669 juvenis,
849 3594 976 3671 pedibus
989 3595 1094 3655 tellure
1107 3597 1232 3672 repulsa,

482 3687 602 3746 Arduus
615 3685 646 3745 in
661 3688 756 3746 nubes
770 3686 850 3746 abiit
894 3686 983 3746 Utin
998 3705 1126 3763 aequore
1139 3705 1257 3749 summo

399 3788 403 3804 ¹
481 3780 598 3839 Umbra
611 3778 665 3838 viri
679 3779 742 3839 visa
755 3789 809 3853 eat,
823 3780 918 3839 visam
932 3781 994 3839 fera
1008 3779 1142 3840 saevitia
1155 3783 1316 3841 umbram.-

482 3874 586 3949 thue
599 3872 682 3949 Jovis
697 3890 830 3949 praepes,
844 3891 940 3933 vacuo
954 3891 1048 3949 quum
1062 3872 1135 3934 vidit
1149 3874 1180 3934 in
1193 3892 1266 3935 arvo

481 3966 678 4027 Praebentem
693 3966 818 4026 Phoebo
831 3966 953 4028 mentia
965 3977 1048 4045 terga
1060 3968 1231 4042 draconem,
1421 3993 1460 4035 m
