3550 4859
667 541 877 588 annom
900 541 959 588 un
978 542 1016 586 Π.

353 688 546 748 Praetereunt
561 697 643 750 ortos
656 687 753 749 isdem
767 688 806 749 de
819 687 952 766 partibus
967 690 1072 750 Eoos

353 780 413 841 Sed
429 782 494 842 leve
509 781 629 859 pondus
643 792 714 855 erat,
729 799 787 844 nec
799 782 883 858 quod
897 800 1079 859 cognoscere
1091 790 1219 859 possent

351 873 428 934 Solis
443 873 522 952 equi,
539 874 686 951 solitaque
697 876 801 952 jugum
814 876 958 952 gravitate
971 876 1114 949 careban

352 968 456 1044 thue
472 969 574 1028 labant
588 987 695 1029 curvae
706 967 867 1044 justosine
881 969 1015 1047 pondere
1028 985 1132 1043 nam,

352 1062 468 1138 Perque
484 1080 566 1121 mare
580 1060 734 1122 instabiles
748 1061 840 1122 nimia
852 1061 973 1123 levitate
986 1063 1127 1136 feruutur,

353 1152 403 1213 Sic
418 1172 509 1214 onere
524 1165 646 1216 assueto
659 1173 772 1215 vacuus
785 1156 837 1216 dat
850 1155 882 1215 in
896 1158 965 1216 aera
978 1158 1072 1216 saltus

352 1246 581 1324 Succutiturque
595 1249 655 1308 alte
669 1246 833 1325 similisque
847 1259 894 1309 est
906 1248 1112 1310 currus-inani

353 1340 445 1416 Quod
461 1341 584 1400 simulac
600 1359 727 1414 sensere,
742 1352 831 1401 ruunt
845 1342 1005 1418 tritumque
1019 1342 1192 1419 relinquunt

353 1432 532 1512 Quadrijugi
548 1433 686 1511 spatium,
702 1452 767 1507 nec,
783 1452 844 1511 quo
857 1434 948 1511 prius,
963 1434 1069 1495 ordine
1082 1446 1211 1495 ernnust„

353 1528 428 1603 Ipse
442 1538 539 1604 pavet,
555 1546 612 1588 nec
625 1546 686 1603 qua
699 1526 875 1588 commissas
888 1527 990 1588 flectat
1004 1528 1147 1601 habenas,

354 1622 422 1680 Nec
437 1619 493 1680 scit
507 1639 567 1697 qua
580 1620 618 1680 sit
631 1621 699 1704 iter,
710 1639 775 1693 nec,
791 1619 816 1680 si
831 1620 914 1695 sciat,
930 1622 1055 1698 imperet
1067 1621 1136 1681 illis

354 1715 434 1773 Tum
449 1712 575 1790 primum
591 1712 680 1774 radiis
693 1712 784 1790 gelidi
797 1715 916 1775 caluere
929 1714 1066 1789 Triones,

356 1808 395 1867 Et
408 1807 501 1868 vetito
516 1807 622 1866 frustra
636 1816 786 1867 tentarunt
800 1826 930 1884 aequore
943 1808 1036 1887 tingi;

355 1902 501 1977 Quaeque
516 1901 588 1977 polo
602 1899 702 1977 posita
715 1910 760 1961 est
772 1900 890 1977 glaciali
903 1904 1039 1979 proxima
1052 1904 1190 1981 Serpens,
1283 1929 1286 1935 ·

355 1992 476 2071 Frigore
491 1992 575 2070 pigra
588 1992 670 2071 prius
683 2012 740 2054 nec
753 1994 949 2056 formidabilis
962 1996 1022 2070 ulli,

356 2085 486 2147 Incaluit
500 2085 665 2163 sumsitque
679 2105 774 2148 novas
788 2087 953 2149 fenoribus
967 2088 1033 2149 iras

355 2181 401 2240 Te
416 2198 537 2257 quoque
552 2180 702 2240 trubatum
717 2192 883 2241 memorant
897 2180 1015 2259 fugisse,
1032 2184 1135 2256 noste,

356 2272 500 2349 Quamvis
515 2273 616 2333 tardus
630 2292 697 2334 eras
710 2282 741 2334 et
754 2282 784 2334 te
798 2284 850 2334 tua
863 2275 999 2335 Plaustra
1012 2278 1166 2337 tenebant.

356 2368 401 2428 Ut
408 2384 486 2426 ¹vero
500 2383 619 2427 summo
633 2365 772 2444 despexit
785 2369 824 2427 ab
838 2366 959 2427 aethere
974 2379 1066 2429 terras

357 2459 466 2519 Infelix
481 2460 638 2520 Phaethon
652 2459 771 2537 penitus
785 2460 964 2538 penitusque
976 2464 1119 2539 jacentes,

357 2552 465 2613 Palluit
480 2563 510 2613 et
524 2551 623 2613 subito
637 2571 735 2630 genua
748 2552 927 2615 intremuere
940 2555 1065 2630 tunore,¹
1298 2571 1336 2614 xta

357 2648 491 2723 Suntque
506 2644 600 2707 oculis
615 2645 755 2707 tenebrae
768 2665 822 2723 per
835 2657 952 2708 tantum
965 2651 1067 2709 lumen
1080 2649 1214 2709 obortae.

358 2741 398 2799 Et
408 2740 472 2815 jam
485 2740 589 2800 mallet
601 2757 696 2816 equos
709 2757 863 2816 nunquam
876 2741 1009 2820 tetigisse
1023 2753 1184 2820 paternos3

356 2834 426 2909 Jam
440 2849 587 2909 cognosse
600 2850 695 2909 genus
708 2833 799 2909 piget,
814 2844 845 2894 et
861 2834 991 2895 valuisse
1004 2836 1160 2913 rogand03

356 2928 426 3004 Jarn
441 2924 576 3003 Meropis
590 2924 650 2986 dici
663 2925 797 3003 cupiens,
813 2926 856 2987 ita
867 2928 966 3002 fertur,
981 2939 1016 2989 ut
1028 2940 1097 2989 acta

359 3018 518 3096 Praecipiti
531 3016 622 3096 pinus
635 3019 735 3092 borea,
751 3018 800 3082 cui
813 3019 894 3080 victa
906 3020 1020 3081 remisit
1300 3033 1337 3088 κὴ

358 3114 456 3172 Frena
470 3130 540 3171 suus
553 3121 659 3185 rector,
675 3129 766 3188 quam
781 3113 829 3173 dis
843 3114 981 3191 votisque
995 3114 1121 3192 reliquit

358 3206 441 3281 Quid
455 3204 564 3268 faciat?
605 3206 738 3266 Multum
752 3208 830 3267 coeli
843 3217 914 3284 post
928 3218 1010 3285 terga
1022 3208 1168 3283 relictumt

357 3302 440 3359 Ante
455 3299 559 3360 oculos
572 3299 641 3376 plus
655 3309 721 3360 est:
741 3299 841 3362 animo
855 3300 976 3361 metitur
989 3311 1156 3379 utrumque,

359 3394 400 3452 Et
414 3391 515 3467 modo,
531 3410 610 3469 quos
623 3391 666 3452 illi
680 3394 773 3454 iatum
787 3394 938 3471 contigere
951 3413 1014 3454 non
1027 3405 1082 3469 est,

358 3483 509 3562 Prospicit
524 3504 659 3560 occasus,
675 3485 1073 3565 interdumrespicitortus3
1302 3511 1339 3556 ns·

359 3577 505 3655 Quidque
520 3590 589 3657 agat
602 3578 729 3657 ignaris,
745 3590 853 3656 stupet,
868 3591 899 3641 et
912 3599 969 3642 nec
982 3582 1065 3643 frena
1077 3578 1204 3643 remittit-

361 3674 430 3732 Nec
445 3671 572 3734 retinere
586 3674 675 3747 valet,
689 3692 745 3733 uec
758 3671 883 3733 nomina
895 3674 979 3734 novit
993 3693 1159 3752 eqnomur3
1321 3683 1324 3688 '

361 3767 472 3842 Sparsa
486 3785 607 3844 quoque
620 3764 653 3826 in
666 3766 747 3827 vario
761 3766 874 3843 passim
888 3766 1030 3827 miracula
1041 3769 1130 3829 ooelo

242 3871 247 3876 ·
360 3860 583 3937 Vastanrmque
596 3858 678 3920 videt
691 3858 823 3936 trepidus
837 3860 996 3921 simulacra
1008 3861 1150 3922 serarum.-

363 3953 421 4015 Est
434 3953 528 4029 locus,
544 3952 575 4011 in
588 3952 725 4031 geminos
738 3951 790 4014 ubi
803 3952 926 4014 brachia
937 3965 1084 4016 concavat
1097 3973 1183 4016 meus
1303 3983 1340 4024 s„

1323 3253 1414 3326 ,ft
