3550 4859
456 546 511 601 242
770 543 797 587 r.
814 542 948 589 vraorurr
970 541 1112 588 meurs

455 692 631 751 Conventus
645 688 735 749 trahit
748 686 779 746 in
792 686 908 758 medios
923 687 1099 762 turbamque
1114 697 1280 761 sonantem,

455 786 494 842 Et
508 782 653 841 tumulum
666 781 755 857 capit,
770 781 851 840 unde
865 797 971 839 omnes
985 780 1076 855 longo
1090 778 1194 839 ordine
1208 779 1305 856 possit

455 876 606 935 Adversos
620 875 726 950 legere,
741 884 771 933 et
785 872 957 933 venientum
972 872 1085 932 discere
1099 873 1206 933 vultus.
1280 939 1287 948 ,
1393 902 1433 942 755

495 971 585 1027 Nunc
600 986 662 1043 age,
679 965 861 1026 Dardaniam
875 966 990 1041 prolem
1004 984 1081 1041 quae
1095 966 1206 1026 deinde
1219 976 1361 1044 sequatur

455 1060 566 1133 Gloria,
582 1061 633 1136 qui
646 1070 787 1120 maneant
801 1060 878 1119 Itala
893 1058 930 1119 de
944 1069 1033 1135 gente
1047 1068 1183 1135 nepotes,

456 1155 588 1212 Illustres
602 1152 717 1212 animas
731 1145 924 1227 nostrumque
938 1150 970 1212 in
984 1170 1095 1212 nomen
1110 1152 1209 1227 iturae,

455 1247 621 1322 Expediam
636 1244 731 1319 dictis,
747 1256 777 1305 et
790 1255 820 1305 te
835 1256 886 1306 tua
899 1245 960 1305 fata
974 1245 1098 1307 docebo.

455 1340 520 1412 Ille,
535 1337 629 1412 vides,
644 1357 717 1415 pura
727 1338 846 1417 juvenis
860 1337 912 1414 qui
926 1338 1029 1400 nititur
1041 1339 1135 1413 hasta,
1394 1357 1433 1408 ⁷⁶⁰

456 1432 689 1491 Proximasssorte
703 1441 786 1491 tenet
800 1430 873 1491 lucis
888 1432 962 1505 loca,
978 1431 1089 1508 primus
1103 1433 1142 1492 ad
1157 1450 1242 1496 auras

454 1524 610 1584 Aetherias
626 1525 703 1583 Italo
717 1524 894 1585 commixtus
909 1524 1050 1601 sanguine
1065 1535 1171 1602 surget,

455 1617 571 1690 Silvius,
586 1618 738 1677 Albanum
752 1637 872 1692 nornen,
888 1629 940 1678 tua
953 1629 1090 1694 postuma
1103 1620 1211 1695 proles,

456 1712 555 1786 Quem
569 1709 623 1771 tibi
637 1712 784 1787 longaevo
798 1730 895 1771 serum
910 1711 1035 1771 Lavinia
1048 1712 1158 1790 conjux

457 1804 572 1863 Educet
586 1804 666 1864 silvis
680 1824 780 1881 regem
794 1824 955 1881 regumque
969 1815 1132 1881 parentem,
1391 1821 1430 1871 ⁷⁶5

456 1897 547 1957 Unde
561 1915 654 1973 genus
669 1899 776 1976 Longa
789 1908 922 1965 nostrum
936 1897 1137 1957 dominabitur
1149 1898 1236 1960 Alba.

455 1988 611 2049 Proximus
625 1990 675 2050 ille
690 1993 807 2065 Procas,
823 1992 969 2069 Trojanae
983 1990 1076 2067 gloria
1089 1990 1194 2068 gentis,

456 2084 495 2141 Et
509 2082 619 2160 Capys,
635 2093 666 2143 et
680 2085 827 2157 Numitor,
842 2093 873 2143 et
886 2083 937 2159 qui
952 2094 981 2145 te
995 2083 1117 2143 nomine
1131 2085 1236 2145 reddet

455 2175 564 2237 Silvius
579 2178 708 2251 Aeneas,
723 2176 831 2254 pariter
843 2176 954 2254 pietate
968 2179 1015 2237 vel
1030 2175 1118 2237 armis

456 2268 608 2347 Egregius,
625 2270 651 2330 si
665 2289 806 2346 umquam
820 2271 1003 2348 regnandam
1018 2271 1164 2347 acceperit
1179 2272 1296 2332 Albam.
1392 2299 1434 2338 no

457 2363 518 2439 Qui
528 2364 671 2441 juvenes!
694 2373 820 2440 quantas
834 2373 995 2437 ostentant,
1010 2363 1139 2440 adspice,
1155 2363 1240 2438 vires,

457 2460 558 2531 Atque
573 2458 708 2516 umbrata
720 2466 826 2533 gerunt
840 2454 920 2516 civili
934 2466 1069 2532 tempora
1083 2461 1209 2532 quercui

458 2548 502 2607 Hi
516 2549 571 2608 tibi
585 2552 771 2609 Nomentum
784 2560 815 2609 et
829 2549 943 2610 Gabios
957 2551 1120 2625 nubemque
1135 2548 1288 2623 Fidenam,

457 2640 503 2701 Hi
518 2642 683 2701 Collatinas
697 2641 853 2719 imponent
866 2643 1020 2703 montibus
1034 2662 1127 2716 arces,

457 2735 610 2796 Pometios
625 2738 822 2812 Castrumque
837 2734 906 2795 Inui
921 2736 1084 2813 Bolamque
1099 2737 1275 2812 Coramque.
1395 2762 1433 2802 m

458 2832 547 2889 Haec
560 2839 624 2889 tum
637 2828 759 2889 nomina
773 2839 866 2902 erunt,
881 2848 962 2888 nunc
976 2838 1045 2890 sunt
1059 2828 1124 2889 sine
1137 2830 1259 2889 nomine
1274 2840 1375 2890 terrae

458 2922 540 2997 Quin
555 2933 585 2982 et
599 2941 656 2981 avo
669 2922 810 2981 comitem
823 2941 890 2982 sese
904 2923 1072 2982 Mavortius
1086 2923 1196 2984 addet.

458 3016 616 3089 Romulus,
630 3012 768 3076 Assaraci
783 3034 872 3091 quem
886 3015 1037 3092 sanguinis
1052 3015 1110 3076 Ilia
1122 3026 1216 3075 mater

458 3108 582 3168 Educet.
608 3102 735 3181 'Viden',
750 3118 783 3168 ut
796 3108 933 3185 geminae
948 3118 1026 3170 stant
1039 3108 1148 3169 vertice
1163 3108 1276 3183 cristae,
1331 3110 1333 3114 ’

459 3202 498 3260 Et
511 3211 597 3277 pater
610 3200 674 3278 ipse
688 3219 743 3261 suo
757 3220 894 3277 superum
906 3202 969 3279 jam
984 3201 1079 3278 signat
1093 3203 1227 3263 honore?
1396 3218 1436 3268 7⁶0

458 3295 514 3367 En,
530 3295 626 3373 hujus,
642 3305 720 3367 nate,
735 3294 876 3370 auspiciis
889 3294 941 3354 illa
954 3296 1066 3355 incluta
1080 3297 1180 3356 Roma

458 3388 622 3464 Imperium
637 3388 730 3461 terris,
746 3388 863 3449 animos
877 3389 1019 3464 aequabit
1033 3389 1172 3465 Olympo,

457 3482 637 3557 Septemque
651 3500 711 3541 una
724 3481 781 3542 sibi
795 3500 879 3541 muro
893 3480 1088 3541 circumdabit
1101 3500 1194 3555 arces,

355 3630 358 3634 ,
457 3573 542 3633 Felix
556 3575 639 3650 prole
652 3573 766 3634 virum:
786 3575 881 3651 qualis
897 3573 1072 3653 Berecyntia
1084 3586 1178 3636 mater

457 3666 613 3727 Invehitur
625 3686 711 3727 curru
725 3668 866 3745 Phrygias
880 3666 982 3727 turrita
995 3686 1048 3743 per
1061 3669 1158 3741 urbes,

457 3761 551 3819 Laeta
565 3760 655 3820 deum
668 3772 762 3837 partu,
778 3772 898 3821 centum
913 3762 1069 3837 complexa
1082 3770 1216 3838 nepotes,

457 3854 571 3913 Omnes
586 3853 754 3927 coelicolas,
770 3873 875 3914 omnes
888 3873 997 3930 supera
1009 3856 1070 3915 alta
1083 3864 1226 3915 tenentes

458 3947 531 4006 Huc
543 3944 678 4023 geminas
691 3964 772 4006 nunc
785 3946 872 4007 flecte
886 3946 975 4021 acies,
990 3947 1068 4009 hanc
1082 3948 1204 4025 adspice
1217 3954 1338 4024 gentem
1366 4014 1368 4019 ,
