3550 4859
398 560 458 618 2⁵⁴
712 560 738 603 r.
760 559 894 603 vraouu
915 559 1059 606 ussurus

397 704 527 765 Levibus
541 703 611 765 huic
624 703 721 765 hamis
735 711 1049 782 consertam'anroque
1063 689 1190 768 trilicem

398 798 547 871 Loricam‚'
560 817 651 875 quam
665 799 814 858 Demoleo
827 799 995 859 detraxerat
1009 798 1075 876 ipse
1336 818 1380 858 aso

396 891 501 951 Victor
514 892 594 969 apud
609 889 745 967 rapidum
759 890 913 952 Simointa
926 893 983 952 sub
998 893 1058 953 Ilio
1072 893 1142 965 alto,

398 986 501 1045 Donat
515 984 626 1044 habere
639 984 713 1057 viro,
729 984 821 1045 decus
836 995 867 1044 et
879 996 1014 1045 tutamen
1028 984 1059 1043 in
1073 984 1171 1045 armis.

396 1077 456 1136 Vix
469 1078 550 1137 illam
565 1076 667 1137 famuli
682 1077 818 1154 Phegeus
832 1078 1007 1154 Sagarisque
1021 1077 1158 1146 serebant

398 1169 605 1248 Multiplicem‚
620 1169 741 1230 connixi
755 1170 904 1244 humeris;
923 1169 1044 1230 indutus
1057 1182 1088 1232 at
1102 1170 1175 1231 olim

398 1264 561 1324 Demoleos
576 1281 663 1323 cursu
677 1264 813 1341 palantes
827 1265 924 1323 Troas
937 1264 1053 1340 agebat

396 1356 497 1416 Tertia
511 1357 593 1416 dona
605 1356 676 1416 facit
689 1355 824 1432 geminos
838 1374 876 1416 ex
889 1375 957 1417 aere
971 1357 1093 1429 lebetas,

397 1449 584 1527 Cymbiaque
599 1460 723 1525 argento
737 1449 869 1525 perfecta
881 1459 971 1525 atque
986 1467 1091 1526 aspera
1104 1448 1203 1526 signis.

396 1543 525 1618 Jamque
539 1542 617 1601 adeo
631 1540 735 1601 donati
749 1560 854 1601 omnes
868 1541 1037 1619 opibusque
1052 1541 1172 1619 superbi

398 1634 536 1695 Puniceis
550 1634 634 1695 ibant
647 1633 757 1694 evincti
771 1643 908 1712 tempora
920 1633 1024 1706 saenis,

397 1729 498 1804 Quum
513 1746 602 1789 saevo
616 1748 634 1788 e
648 1728 773 1805 scopulo
786 1728 880 1787 multa
894 1728 943 1787 vix
957 1738 1018 1789 arte
1032 1728 1174 1803 revulsus,

397 1820 524 1881 Amissis
538 1822 628 1882 remis
642 1832 731 1897 atque
745 1820 849 1881 ordine
863 1820 972 1881 debilis
985 1840 1056 1896 uno,

397 1912 516 1973 Irrisam
531 1914 595 1974 sine
609 1915 724 1975 honore
738 1924 831 1974 ratem
845 1916 998 1991 Sergestus
1011 1915 1126 1993 agebat

397 2006 502 2082 Qualis
517 2026 606 2085 saepe
616 2006 682 2067 viae
696 2008 859 2085 deprensus
872 2006 904 2066 in
918 2026 1024 2085 aggere
1039 2026 1169 2085 serpens,

398 2102 495 2160 Aerea
509 2120 599 2177 quem
613 2099 769 2177 obliquum
782 2111 848 2161 rota
860 2100 983 2174 transiit,
999 2111 1050 2161 aut
1063 2100 1159 2178 gravis
1173 2099 1234 2162 ictu

397 2192 582 2254 Seminecem
596 2192 682 2269 liquit
696 2212 768 2253 saxo
782 2194 972 2270 lacerumque
982 2193 1085 2267 viator,

397 2285 611 2363 Nequidquam
625 2288 731 2363 longos
745 2286 860 2364 fugiens
874 2287 927 2347 dat
940 2306 1067 2364 corpore
1081 2296 1185 2362 tortus,

398 2380 486 2439 Parte
499 2379 590 2453 ferox,
605 2379 771 2456 ardensque
785 2380 889 2453 oculis,
904 2390 936 2440 et
949 2379 1036 2440 sibila
1049 2380 1128 2440 colla

398 2472 518 2532 Arduus
532 2473 693 2547 attollens;
713 2491 782 2549 pars
791 2473 913 2533 vulnere
927 2473 1035 2533 clauda
1048 2482 1175 2534 retentat

398 2567 566 2626 Nexantem
581 2564 669 2625 nodis
683 2584 775 2642 seque
788 2564 820 2624 in
834 2584 888 2625 sua
901 2568 1035 2641 membra
1048 2565 1226 2643 plicantem:

396 2658 464 2718 Tali
478 2657 601 2736 remigio
615 2657 700 2719 navis
715 2677 747 2718 se
761 2658 846 2719 tarda
859 2660 1020 2733 movebat;

397 2752 474 2811 Vela
487 2752 558 2811 facit
571 2762 681 2826 tamen,
696 2761 727 2812 et
739 2751 814 2812 velis
828 2750 908 2812 subit
922 2752 999 2814 ostia
1012 2750 1119 2829 plenis

397 2845 565 2921 Sergestum
578 2846 697 2905 Aeneas
711 2844 857 2921 promisso
870 2864 993 2905 munere
1007 2845 1109 2919 donat,

397 2938 549 2997 Servatam
564 2938 604 2997 ob
618 2956 726 2998 navem
741 2938 835 2998 laetus
850 2937 1007 3014 sociosque
1022 2939 1168 2999 reductos

397 3030 459 3089 Olli
474 3048 558 3090 serva
572 3030 666 3103 datin,
682 3048 806 3107 operum
822 3029 902 3090 haud
917 3029 1019 3107 ignara
1033 3030 1196 3105 Minervae,

399 3124 507 3183 Cressa
520 3141 623 3199 genus,
640 3122 765 3196 Pholoe,
780 3121 951 3200 geminique
966 3124 1021 3184 sub
1036 3126 1127 3185 ubere
1139 3123 1210 3184 nati
1339 3141 1375 3191 aas

440 3217 512 3275 Hoc
526 3214 594 3292 pins
608 3217 728 3275 Aeneas
742 3215 834 3275 misso
848 3215 1011 3276 certamine
1025 3216 1122 3278 tendit

398 3307 590 3369 Gramineum
604 3306 635 3367 in
649 3326 797 3385 campum,
812 3327 904 3385 quem
918 3308 1044 3370 collibus
1059 3309 1192 3386 undique
1205 3307 1301 3371 curvis

398 3401 569 3479 Cingebant
583 3400 682 3476 silvae,
698 3400 857 3478 mediaque
871 3401 902 3461 in
916 3402 993 3463 valle
1007 3402 1114 3463 theatri

398 3494 503 3556 Circus
518 3505 599 3568 erat;
616 3513 677 3571 quo
691 3514 723 3555 se
736 3494 837 3555 multis
850 3513 920 3555 cum
933 3494 1053 3555 milibus
1065 3496 1154 3556 heros

399 3589 550 3648 Consessu
564 3586 697 3647 medium
711 3586 778 3648 tulit
791 3598 1001 3665 exstructoque
1015 3587 1134 3649 resedit.
1341 3618 1378 3657 290

400 3680 470 3755 Hic,
486 3678 537 3757 qui
551 3680 626 3740 forte
640 3679 733 3741 velint
746 3679 851 3757 rapido
864 3681 1048 3741 contendere
1062 3699 1159 3755 cursu,

400 3772 511 3833 Invitat
524 3772 627 3850 pretiis
640 3772 764 3846 animos,
780 3782 811 3833 et
824 3772 957 3849 praemia
969 3772 1061 3851 ponit

399 3865 543 3943 Undique
557 3866 740 3927 conveniunt
753 3865 862 3927 Teucri
876 3865 1020 3945 mixtique
1034 3864 1142 3941 Sicani,

400 3958 491 4019 Nisus
505 3970 535 4019 et
550 3960 693 4037 Euryalus
706 3957 802 4037 primi,
