3550 4859
444 555 503 612 216
761 572 785 612 P.
806 570 940 613 vrucrnn
962 571 1106 614 uruoms

443 714 500 774 Vel
515 725 555 786 tu,
572 733 653 790 quoo
668 725 809 791 superest,
825 714 933 775 infesto
948 716 1070 776 fulmine
1084 718 1180 790 morti,
1236 758 1237 761 η

444 807 475 867 Si
490 827 613 881 mereor,
629 808 761 881 demitte,
777 819 886 885 tuaque
902 810 950 868 hic
966 810 1057 869 obrue
1072 810 1181 870 dextra

358 917 361 921 ’
442 900 501 959 Vix
516 902 590 961 haec
605 901 746 974 ediderat,
762 921 853 977 quum
868 902 967 962 effusis
982 901 1124 963 imbribus
1138 916 1202 964 atra

442 996 619 1071 Tempestas
634 994 697 1054 sine
711 1014 794 1054 more
808 995 885 1069 surit,
902 996 1071 1072 tonitruque
1086 1006 1267 1057 tremescunt

444 1088 546 1146 Ardua
560 1097 701 1146 terrarum
716 1097 747 1147 et
760 1088 858 1165 campi
870 1110 878 1162 ;
899 1088 956 1148 ruit
970 1090 1089 1149 aethere
1104 1100 1169 1150 toto

442 1180 593 1241 Turbidus
608 1179 703 1241 imber
716 1201 794 1257 aqua
808 1182 970 1259 densisque
984 1182 1157 1259 nigerrimus
1171 1182 1275 1242 austris
1286 1206 1296 1258 ;

444 1274 668 1350 Implenturque
683 1294 772 1352 super
784 1295 921 1352 puppes,
942 1276 1082 1335 semiusta
1096 1277 1271 1335 madescunt

372 1366 374 1368 ’
444 1367 587 1440 Robora;
608 1368 766 1427 restinctus
780 1369 877 1427 donec
892 1387 985 1445 vapor
999 1368 1105 1441 omnis,
1118 1380 1148 1428 et
1162 1387 1275 1444 omncS,

443 1461 580 1534 Quatuor
594 1460 718 1534 amissis,
734 1471 866 1522 servatae
881 1482 900 1522 a
913 1473 998 1540 peste
1012 1464 1138 1524 carinae.

485 1556 526 1613 At
540 1564 623 1629 pater
636 1557 764 1628 Aeneas,
780 1574 851 1614 casu
865 1573 1028 1614 concussus
1042 1556 1159 1628 acerbo,

444 1649 533 1707 Nunc
548 1648 606 1707 huc
621 1645 763 1724 ingentes,
779 1666 859 1707 nunc
873 1647 944 1706 illuc
958 1658 1077 1723 pectore
1093 1666 1177 1707 curas

444 1743 583 1801 Mutabat
597 1760 725 1814 versans,
743 1740 889 1800 Siculisne
904 1740 1045 1800 resideret
1059 1740 1144 1814 arvis,
1182 1775 1184 1780 ,

443 1834 564 1895 Oblitus
578 1835 713 1906 fatorum,
730 1835 860 1893 Italasne
875 1843 1042 1910 capesseret
1056 1852 1132 1893 oras

442 1929 520 1988 Tum
537 1927 635 1987 senior
649 1930 771 2000 Nautes,
787 1946 878 1985 unum
894 1926 1031 1986 Tritonia
1045 1929 1142 1986 Pallas

444 2021 542 2096 Quem
558 2020 660 2081 docuit
672 2021 824 2096 multaque
839 2020 984 2096 insignem
998 2019 1127 2079 reddidit
1140 2030 1252 2080 arte-

444 2117 531 2177 Haec
545 2134 689 2195 responsa
702 2115 802 2187 dabat,
817 2115 864 2173 vel
879 2132 956 2190 quae
970 2114 1161 2190 portenderet
1175 2113 1218 2173 ira

444 2211 557 2287 Magna
571 2210 669 2283 deum,
684 2209 733 2268 vel
747 2227 823 2284 quae
838 2208 965 2267 fatorum
979 2218 1114 2284 posceret
1129 2208 1253 2267 ordo-

443 2305 534 2379 Isque
549 2303 595 2363 his
610 2305 735 2362 Aenean
750 2301 861 2361 solatus
874 2300 999 2360 vocibus
1013 2300 1095 2360 infit:

442 2397 522 2455 Nate
537 2397 602 2469 dea,
619 2415 680 2473 quo
694 2396 755 2456 sata
768 2396 887 2455 trahunt
901 2394 1120 2470 retrahuntque,
1136 2410 1314 2469 sequamur;
1402 2462 1404 2465 ¹

443 2488 598 2564 Quidquid
613 2489 676 2563 erit,
692 2488 859 2567 superanda
873 2486 970 2546 omnis
984 2487 1103 2547 fortuna
1117 2487 1240 2546 ferendo
1254 2496 1306 2547 est

443 2584 497 2642 Est
512 2581 565 2641 tibi
580 2582 750 2643 Dardanius
765 2581 882 2642 divinae
897 2579 995 2657 stirpis
1010 2583 1152 2639 Acestes:

443 2677 536 2735 Hunc
550 2695 624 2753 cape
638 2676 770 2735 consiliis
785 2675 899 2735 socium
914 2684 944 2734 et
958 2674 1106 2750 conjunge
1121 2673 1292 2748 volentem3

444 2769 525 2828 Huic
540 2770 632 2842 trade,
649 2770 764 2829 amissis
778 2777 919 2846 superant
934 2766 984 2843 qui
998 2765 1132 2839 navibuS,
1148 2776 1178 2826 et
1191 2783 1269 2841 quos

443 2864 615 2922 Pertaesum
630 2862 729 2939 magni
743 2860 855 2939 incepti
869 2879 1025 2936 rerumque
1040 2870 1155 2919 tuarum
1169 2870 1234 2932 est,

442 2957 679 3032 Longaevosque
694 2974 780 3015 senes
794 2974 830 3014 ac
843 2954 936 3013 fessas
950 2971 1080 3029 aequore
1094 2962 1212 3025 matres,

443 3050 481 3107 Et
496 3047 640 3124 quidquid
655 3059 753 3107 tecum
767 3047 929 3106 invalidum
943 3057 1137 3121 metuensque
1151 3043 1253 3122 pericli
1268 3054 1330 3118 est,

443 3140 558 3218 Delige‚
574 3151 604 3200 et
618 3141 664 3200 his
678 3142 809 3200 habeant
823 3139 907 3199 terris
922 3138 985 3199 sine
1000 3137 1119 3199 moenia
1133 3138 1221 3213 sessi3

442 3235 558 3294 Urbem
573 3235 767 3311 appellabunt
781 3233 926 3310 permisso
940 3233 1061 3291 nomine
1075 3234 1224 3292 Acestam.

482 3327 606 3387 Talibus
621 3327 759 3387 incensus
774 3326 861 3387 dictis
875 3325 999 3386 senioris
1013 3324 1109 3399 amici,

442 3423 520 3479 Tum
534 3440 605 3480 vero
619 3420 649 3479 in
664 3440 748 3480 curas
761 3420 862 3480 animo
875 3419 1025 3479 diducitur
1038 3437 1151 3479 omnes

444 3516 482 3573 Et
497 3516 567 3573 Nox
581 3524 643 3572 atra
657 3514 759 3591 polum
773 3513 848 3590 bigis
863 3514 1006 3572 subvecta
1020 3513 1160 3573 tenebat:

442 3607 516 3666 Visa
530 3606 638 3666 debinc
653 3607 738 3666 coelo
752 3606 841 3666 socies
855 3606 981 3681 delapsa
994 3602 1125 3682 parentis

444 3699 594 3759 Anchisae
609 3700 707 3760 subito
720 3700 796 3759 tales
810 3698 962 3759 effundere
976 3715 1085 3757 voces:

444 3795 531 3865 Nate,
548 3791 620 3851 mihi
633 3791 693 3851 vita
708 3792 870 3869 quondam,
886 3791 957 3850 dum
970 3790 1032 3850 vita
1045 3791 1194 3864 manebat,

444 3889 520 3947 Care
535 3886 637 3964 magis,
654 3897 731 3959 nate,
748 3885 848 3945 Iliacis
863 3884 991 3945 exercite
1004 3883 1080 3957 fatis,

446 3980 575 4057 Imperio
589 3978 672 4057 Jovis
685 3979 743 4041 huc
757 3978 855 4062 uenio,
869 3976 922 4056 qui
935 3977 1081 4039 classibus
1094 3975 1195 4055 ignem
