3550 4859
400 547 454 607 152
710 548 735 590 P.
757 546 890 589 VlRGlLll
912 546 1055 590 stnnozsss

399 683 579 770 Congemuit
591 692 737 768 traxitque
749 690 826 768 jugis
840 693 941 751 avulsa
955 690 1077 751 ruinam

398 787 567 861 Descende,
584 805 619 846 ac
633 787 760 845 ducente
775 786 833 845 deo
847 784 998 843 flammam
1012 784 1088 844 inter
1102 795 1132 845 et
1145 784 1248 847 hostes

399 879 566 957 Expedior3
587 880 659 939 dant
673 879 733 938 tela
746 880 853 952 locum,
869 877 1066 954 flammaeque
1080 879 1230 939 recedunt

437 976 538 1049 Atque
552 971 603 1031 ubi
615 974 677 1048 jam
691 970 802 1048 patriae
817 981 990 1047 perventum
1004 972 1043 1030 ad
1057 970 1160 1030 limina
1174 970 1254 1031 sedis

397 1064 604 1141 Antiquasque
619 1065 734 1137 domos
749 1063 872 1140 genitor,
889 1083 978 1139 quem
993 1066 1096 1123 tollere
1111 1063 1141 1123 in
1157 1065 1233 1125 altos
1334 1081 1373 1131 ⁶33

398 1159 548 1236 Optabam
562 1158 689 1236 primurn
703 1167 820 1216 montes
834 1157 1021 1233 primumque
1035 1158 1184 1234 petebam,

397 1252 538 1329 Abnegat
552 1250 651 1311 excisa
664 1250 754 1310 vitam
768 1250 931 1328 producere
946 1251 1038 1326 Troja

398 1344 602 1421 Exsiliumque
616 1343 686 1421 pati.
722 1345 786 1403 Vos
801 1362 829 1418 o,
845 1342 954 1419 quibus
968 1342 1083 1421 integer
1095 1342 1161 1403 aevi

397 1437 530 1515 Sanguis,
545 1437 594 1512 ait,
611 1437 784 1513 solidaeque
798 1454 852 1496 suo
867 1447 946 1496 stant
960 1437 1065 1496 robore
1081 1435 1164 1510 vireS,

396 1533 461 1591 Vos
475 1529 582 1607 agitate
597 1531 702 1606 lugam.

397 1626 450 1684 Me
466 1623 490 1683 si
504 1622 664 1683 coelicolae
679 1621 841 1682 voluissent
855 1623 963 1683 ducere
977 1622 1077 1696 vitam,

398 1719 466 1777 Has
479 1716 551 1775 mihi
566 1725 731 1776 servassent
746 1716 840 1776 sedes.
884 1715 960 1776 Satis
974 1734 1034 1775 una
1048 1734 1194 1793 superque

396 1808 533 1869 Vidimus
548 1808 679 1869 exscidia
693 1819 723 1869 et
737 1819 841 1886 captae
856 1808 1058 1886 superavimus
1071 1808 1144 1869 urbi.

396 1902 445 1963 Sic
460 1922 487 1976 o,
504 1901 546 1961 sic
560 1902 690 1979 positum
705 1901 785 1961 affati
800 1901 944 1962 discedite
959 1920 1074 1979 corpus.

397 1999 467 2073 Ipse
482 2015 572 2055 manu
586 2005 712 2055 mortem
727 1994 895 2069 inveniam;
915 1994 1101 2055 miserebitur
1113 1992 1208 2055 hostis
1333 2012 1375 2062 aas

398 2088 584 2165 Exuviasque
599 2098 699 2165 petet,
719 2087 814 2148 facilis
826 2090 941 2164 jactura
956 2088 1111 2165 sepulchri.

396 2183 464 2258 Jam
477 2180 592 2259 pridem
608 2181 719 2241 invisus
734 2180 810 2240 divis
824 2192 854 2241 et
868 2181 979 2241 inutilis
993 2200 1089 2241 annos

398 2277 553 2349 Demoror‚
569 2294 605 2335 ex
620 2292 680 2351 quo
694 2293 742 2334 me
757 2273 858 2334 divum
871 2285 956 2351 pater
969 2284 1058 2351 atque
1073 2274 1227 2334 hominum
1240 2293 1292 2335 rex

397 2368 540 2429 Fulminis
555 2366 664 2429 afflavit
676 2366 772 2427 ventis
787 2379 817 2427 et
830 2367 955 2445 contigit
969 2367 1036 2445 igni.

436 2461 523 2521 Talia
537 2462 687 2538 perstabat
700 2480 877 2535 memorans,
893 2462 1027 2537 fixusque
1041 2460 1189 2520 manebat
1335 2478 1375 2527 ⁶50

397 2557 464 2614 Nos
478 2566 582 2615 contra
596 2553 680 2614 effusi
694 2553 822 2613 lacrimis
836 2555 1006 2631 conjuxque
1021 2555 1136 2614 Creusa

398 2647 602 2724 Ascaniusque
617 2646 772 2723 omnisque
787 2647 903 2721 domus,
920 2666 958 2706 ne
973 2657 1084 2706 vertere
1099 2664 1202 2705 secum

369 2767 372 2773 ·
398 2743 515 2801 Cuncta
528 2751 612 2819 pater
626 2741 746 2815 satoque
761 2739 897 2817 urguenti
910 2739 1082 2800 incumbere
1095 2740 1192 2799 vellet

397 2834 544 2910 Abnegat,
560 2834 741 2910 inceptoque
756 2842 786 2893 et
800 2832 920 2893 sedibus
934 2833 1036 2893 haeret
1049 2832 1080 2892 in
1094 2831 1200 2892 isdem.

398 2928 512 2985 Rursus
526 2925 557 2983 in
571 2945 654 2985 arma
667 2927 752 3000 feror,
768 2937 954 3002 mortemque
969 2924 1148 2986 miserrimus
1163 2935 1245 3002 opto,
1337 2944 1376 2993 oss

398 3020 477 3078 Nam
492 3018 573 3095 quod
587 3018 746 3078 consilium
760 3030 810 3078 aut
825 3038 901 3096 quae
914 3020 975 3095 jam
989 3018 1107 3078 fortuna
1121 3019 1266 3079 dabatur?

398 3113 490 3170 Mene
505 3112 607 3171 efferre
621 3112 738 3187 pedem,
754 3111 877 3190 genitor,
894 3123 923 3171 te
937 3130 1026 3189 posse
1040 3111 1143 3171 relicto

398 3204 537 3281 Sperasti,
553 3214 728 3280 tantumque
741 3206 824 3264 nefas
838 3204 935 3283 patrio
949 3203 1059 3264 excidit
1073 3206 1145 3265 ore?

397 3297 428 3358 Si
442 3296 516 3356 nihil
530 3317 566 3357 ex
580 3307 663 3357 tanta
678 3296 797 3374 Superis
812 3299 911 3374 placet
924 3299 996 3358 urbe
1010 3296 1144 3374 relinqui,

398 3396 437 3453 Et
452 3394 535 3453 sedet
549 3393 608 3453 hoc
623 3392 731 3467 animo,
747 3393 953 3471 perituraeque
968 3394 1077 3454 addere
1092 3395 1202 3471 Trojae
1339 3412 1377 3451 tao

397 3486 502 3562 Teque
516 3496 650 3562 tuosque⁴
655 3488 746 3563 juvat,
762 3497 844 3563 patet
859 3486 906 3546 isti
920 3489 1011 3563 janua
1024 3490 1094 3560 leto,

397 3580 524 3655 Jamque
539 3579 631 3640 aderit
645 3580 739 3639 multo
754 3578 862 3638 Priami
877 3581 915 3640 de
931 3580 1073 3657 sanguine
1088 3580 1224 3658 Pyrrhus,

399 3673 510 3730 Natum
525 3682 593 3731 ante
607 3691 660 3731 ora
673 3672 773 3749 patris,
789 3683 904 3750 patrem
919 3672 970 3749 qui
985 3674 1142 3734 obtruncat
1156 3674 1196 3734 ad
1210 3691 1282 3734 aras

399 3765 470 3823 Hoc
485 3774 555 3838 erat,
570 3766 649 3823 alma
662 3784 778 3841 parens,
794 3765 875 3842 quod
889 3784 938 3825 me
952 3785 1007 3842 per
1020 3768 1086 3841 tela,
1102 3786 1155 3844 per
1168 3767 1252 3845 ignes
1363 3805 1368 3818 ·

399 3855 503 3934 Eripis,
519 3868 551 3917 ut
564 3858 670 3917 mediis
683 3859 800 3918 hostem
814 3858 844 3916 in
859 3858 1068 3934 penetralibus,
1084 3870 1176 3936 utque
1339 3877 1376 3928 ω,

400 3950 560 4011 Ascanium
574 3960 746 4028 patremque
761 3970 860 4011 meum
872 3952 1015 4029 juxtaque
1032 3954 1175 4014 Creusam
