3550 4859
722 566 881 610 ssusmos
902 565 961 610 Lus.
984 565 1010 605 V.

380 716 459 775 Tum
473 711 625 774 Satnmius
639 712 714 773 haec
729 711 858 773 domitor
871 710 962 773 maris
975 709 1069 773 edidit
1083 708 1155 770 alti:
1347 767 1349 772 .

380 809 405 867 F
407 827 439 867 as
454 825 542 867 omne
557 815 610 878 est,
626 806 783 882 Cytherea,
798 804 873 867 meis
887 817 917 866 te
932 806 1022 867 fidere
1036 805 1144 883 regnis,
1319 826 1359 870 sos

380 901 471 962 Unde
485 918 578 976 genus
593 895 697 957 ducis.¹
729 898 826 959 Merui
841 918 981 976 quoque;
1001 918 1091 977 saepe
1104 899 1217 961 furores

379 992 550 1069 Compressi
566 1002 596 1051 et
608 991 721 1051 rabiem
736 1002 847 1051 tantam
862 991 999 1069 coelique
1013 993 1168 1070 marisque.

378 1089 408 1146 N
410 1106 445 1147 ec
460 1084 557 1144 minor
570 1085 600 1144 in
616 1083 708 1157 terris,
723 1086 876 1145 Xanthum
892 1085 1103 1163 Simo'e'ntaque
1117 1096 1217 1161 testor,
1308 1164 1313 1173 ⁶

378 1182 501 1239 Aeneae
516 1177 589 1237 mihi
602 1196 673 1237 cura
686 1178 737 1238 tui
781 1179 882 1252 Quum
897 1178 987 1239 Troia
1002 1179 1134 1240 Achilles

378 1270 556 1331 Exanimata
570 1290 698 1347 sequens
712 1270 888 1349 impingeret
903 1272 1021 1348 agmina
1034 1272 1133 1347 muris,
1318 1290 1356 1343 sos

378 1364 465 1424 Milia
478 1364 572 1424 multa
586 1364 670 1424 daret
683 1365 753 1437 leto,
768 1376 982 1441 gemerentque
996 1364 1100 1443 repleti
1177 1398 1188 1419 .

377 1460 500 1530 Amnes,
517 1476 573 1517 nec
588 1456 714 1533 reperire
728 1456 806 1516 viam
820 1468 910 1534 atque
925 1459 1060 1518 evolvere
1075 1469 1176 1535 posset

377 1552 415 1609 In
429 1570 509 1611 mare
523 1569 555 1609 se
570 1551 716 1623 Xanthus,
732 1550 854 1609 Pelidae
868 1561 940 1611 tunc
955 1570 1011 1629 ego
1026 1550 1094 1613 forti

330 1632 334 1637 ’
376 1645 576 1720 congressum
592 1646 719 1703 Aenean
733 1662 790 1703 nec
803 1642 850 1703 dis
864 1662 921 1703 nec
935 1643 1045 1704 viribus
1059 1643 1163 1721 aequis

377 1738 467 1796 Nube
482 1755 556 1796 cava
569 1736 660 1812 rapui,
676 1755 815 1812 cuperem
829 1755 922 1812 quum
936 1748 1049 1797 vertere
1063 1739 1102 1799 ab
1117 1737 1178 1798 imo
1317 1756 1357 1802 so

377 1831 495 1890 structa
509 1828 582 1889 meis
596 1828 733 1889 manibus
747 1829 880 1907 perjurae
896 1828 1016 1889 moenia
1029 1832 1146 1907 Trojae.

377 1925 467 1982 Nunc
482 1941 601 1999 quoque
615 1940 700 1981 mens
715 1922 821 1982 eadem
834 1932 947 1999 perstat
957 1915 1052 2000 mihi,
1073 1924 1152 2001 pelle
1166 1923 1311 1986 timorem
1346 1959 1349 1966 ·

376 2017 480 2089 Tutus,
497 2034 571 2091 quos
586 2025 680 2091 optas,
695 2025 798 2092 portus
812 2017 937 2076 accedet
951 2017 1070 2077 Averni

377 2110 466 2170 Unus
481 2108 535 2169 erit
549 2118 672 2180 tantum,
689 2108 829 2168 amissum
843 2128 934 2185 quem
947 2109 1061 2187 gurgite
1074 2129 1218 2187 quaeres;
1319 2159 1322 2164 -
1343 2159 1349 2181 .,

378 2204 483 2262 Unum
497 2222 552 2278 pro
567 2201 666 2261 multis
680 2201 798 2270 dabitur
812 2212 910 2279 caput
1317 2223 1367 2275 su.

378 2294 438 2355 His
453 2295 504 2355 ubi
519 2296 597 2355 laeta
610 2295 685 2355 deae
700 2295 852 2371 permulsit
866 2305 989 2372 pectora
1002 2295 1098 2370 dictis,
1299 2306 1303 2312 ’

376 2387 480 2465 Jungit
495 2407 588 2464 equos
603 2406 674 2447 auro
690 2386 823 2463 Genitor,
839 2388 1065 2466 spumantiaque
1080 2389 1164 2452 addit

375 2482 474 2542 -Frena
487 2481 563 2554 seris,
578 2480 775 2557 manibusque
789 2500 894 2541 omnes
909 2482 1034 2543 effundit
1047 2483 1187 2545 habenas.

376 2575 524 2636 Caeruleo
539 2592 592 2649 per
605 2593 721 2633 summa
734 2573 807 2634 levis
820 2575 902 2634 volat
915 2594 1046 2652 aequora
1059 2596 1164 2653 curru;

377 2667 542 2727 Subsidunt
556 2668 663 2740 undae,
678 2666 883 2744 tumidumque
898 2670 954 2729 sub
968 2688 1023 2730 axe
1037 2669 1153 2731 tonanti

375 2760 520 2821 Sternitur
533 2779 644 2836 aequor
657 2760 750 2836 aquis,
765 2759 882 2837 fugiunt
894 2772 980 2821 vasto
995 2763 1114 2825 aethere
1127 2762 1230 2824 nimbi

375 2855 455 2912 Tum
470 2853 568 2913 variae
583 2853 725 2913 comitum
739 2854 838 2927 facies,
854 2854 996 2916 immania
1008 2867 1084 2930 cete,
1338 2873 1343 2882 ·

377 2948 416 3006 Et
430 2946 529 3007 senior
543 2945 650 3006 Glauci
663 2947 780 3019 chorus,
797 2948 950 3024 Inousque
964 2950 1140 3024 Palaemon,

375 3039 574 3115 Tritonesque
588 3038 648 3112 citi,
664 3040 833 3116 Phorcique
847 3041 994 3102 exercitus
1009 3042 1126 3116 omnis;

376 3134 478 3193 Laeva
490 3143 572 3193 tenet
585 3131 699 3205 Thetis,
714 3141 745 3193 et
760 3133 873 3208 Melite,
890 3137 1093 3212 Panopeaque
1107 3135 1199 3213 virgo,

376 3227 503 3303 Nesaee,
519 3224 658 3302 Spioque,
672 3225 847 3302 Thaliaque,
860 3228 1102 3305 Cymodoceque.

418 3319 481 3379 Hic
496 3318 586 3396 patris
601 3322 723 3379 Aeneae
737 3339 913 3396 suspensam
926 3321 1038 3381 blanda
1050 3320 1181 3384 vicissim

378 3412 496 3473 Gaudia
510 3421 680 3489 pertentant
693 3423 845 3486 mentem;
862 3414 949 3489 jubet
963 3412 1047 3473 ocius
1061 3431 1166 3475 omnes

375 3505 482 3567 Attolli
497 3506 600 3578 malos,
615 3504 731 3565 intendi
744 3505 867 3565 brachia
879 3505 962 3566 velis.

346 3674 349 3679 ι
376 3600 448 3659 Una
461 3616 566 3658 omnes
580 3598 676 3659 secere
690 3599 807 3675 pedem,
821 3598 990 3676 pariterque
1003 3598 1147 3673 sinistros,

377 3694 466 3751 Nunc
480 3691 600 3751 dextros
614 3692 728 3751 solvere
742 3690 844 3764 sinus3
864 3710 925 3752 una
939 3692 1031 3752 ardua
1044 3702 1186 3769 torquent

376 3786 497 3845 Cornua
511 3786 769 3860 detorquentqne;
789 3784 886 3846 lerunt
901 3804 956 3845 sua
969 3785 1089 3845 flamina
1102 3787 1236 3848 classem.
1337 3817 1340 3824 ·

376 3876 519 3955 Princeps
532 3887 602 3938 ante
616 3895 723 3937 omnes
737 3877 865 3937 densum
879 3877 1034 3938 Palinurus
1048 3880 1155 3955 agebat

375 3972 493 4048 Agmen
505 3992 514 4046 3
535 3971 573 4031 ad
586 3970 666 4039 hune
680 3968 731 4029 alii
744 3987 862 4029 cursum
875 3970 1058 4036 contendere
1069 3970 1152 4051 jussi.
