3550 4859
402 536 458 595 128
713 552 741 596 r.
759 551 894 595 maerin
916 550 1059 596 unnonrs

399 700 468 757 Non
484 716 520 758 ea
533 694 578 757 vis
593 694 700 771 animo,
716 715 773 756 uec
787 706 870 756 tanta
884 696 1022 772 superbia
1035 693 1128 756 victis

398 792 452 850 Est
470 790 563 863 locus,
579 790 760 866 Hesperiam
775 789 856 851 Graii
871 789 1049 867 cognomine
1064 788 1175 862 dicunt,
1240 804 1243 808 ·
1338 816 1381 856 530

396 885 490 943 Terra
503 883 633 959 antiqua,
648 883 756 959 pote'ns
771 883 858 942 armis
873 893 962 958 atque
976 883 1068 942 ubere
1081 882 1226 959 glaebae3

398 975 522 1036 Oenotri
537 977 655 1035 coluere
668 975 722 1035 viri
734 996 742 1049 3
761 994 842 1035 nunc
855 977 943 1049 sama,
958 976 1088 1035 minores

398 1068 516 1128 Italiam
531 1068 639 1128 dixisse
654 1068 739 1128 ducis
753 1069 791 1128 de
806 1068 928 1128 nomine
942 1078 1070 1145 gentem.

398 1162 460 1221 Hic
474 1180 575 1221 cursus
589 1162 661 1220 suit:

397 1255 499 1329 Quum
514 1255 612 1314 subito
626 1255 789 1331 adsurgens
803 1255 895 1313 fluctu
914 1254 1068 1315 nimbosus
1083 1254 1175 1315 Orion
1339 1284 1378 1323 ⁵³⁵

397 1351 435 1408 In
449 1349 527 1408 vada
540 1365 631 1407 caeca
645 1348 719 1421 tulit,
735 1346 912 1424 penitusque
927 1349 1102 1425 procacibus
1117 1346 1221 1407 austris

398 1444 514 1518 Perque
527 1441 632 1514 undas,
649 1452 806 1518 superante
821 1443 893 1514 salo,
909 1460 1020 1518 perque
1035 1440 1114 1501 invia
1128 1460 1199 1502 saxa

398 1535 549 1612 Dispulit;
568 1536 628 1593 huc
641 1534 729 1611 pauci
743 1536 848 1594 vestris
863 1534 1038 1594 adnavimus
1052 1534 1120 1594 oris.

397 1629 488 1700 Quod
498 1647 591 1704 genus
598 1630 656 1687 hoc
663 1627 835 1687 hominum?
849 1647 962 1703 quaeve
971 1629 1051 1687 hunc
1059 1638 1119 1687 tam
1128 1628 1254 1689 barbara
1261 1645 1376 1688 morem

397 1720 544 1780 Permittit
558 1720 671 1797 patria?
692 1720 821 1797 hospitio
835 1721 1027 1797 prohibemur
1041 1740 1167 1796 arenae3
1339 1749 1378 1789 5⁴0

397 1815 481 1874 Bella
494 1813 582 1886 cient,
598 1813 753 1890 primaque
766 1824 869 1874 vetant
883 1813 1045 1873 consistere
1060 1824 1144 1873 terra.

396 1906 428 1968 Si
440 1926 535 1984 genus
550 1906 712 1965 humanum
728 1916 758 1965 et
771 1906 907 1966 mortalia
921 1906 1050 1966 temnitis
1065 1925 1154 1980 arrna,

397 2002 439 2059 At
453 2010 567 2076 sperate
582 2000 656 2059 deos
669 2018 817 2059 memores
830 1999 913 2058 sandi
928 2010 1016 2075 atque
1031 1999 1160 2060 nefandi.

398 2096 465 2153 Rex
478 2104 540 2153 erat
555 2095 675 2153 Aeneas
689 2092 787 2165 nobis,
803 2111 863 2168 quo
874 2092 982 2171 justior
995 2094 1076 2167 alter,

397 2189 463 2246 Nec
478 2186 589 2262 pietate
603 2185 658 2246 fuit
672 2204 728 2245 nec
742 2186 822 2245 bello
836 2188 933 2262 major
946 2195 977 2245 et
990 2185 1086 2245 armis.

396 2280 496 2354 Quem
511 2279 537 2339 si
551 2280 611 2339 sata
623 2278 719 2339 virum
734 2289 858 2352 servant,
875 2279 899 2337 si
914 2279 1042 2339 vescitur
1056 2298 1127 2339 aura

397 2372 547 2446 Aetheria,
563 2392 661 2449 neque
675 2372 773 2431 adhuc
788 2371 956 2431 crudelibus
970 2373 1098 2432 occubat
1112 2371 1233 2446 umbris,

397 2469 467 2527 Non
482 2476 579 2526 metus
591 2488 599 2541 3
620 2465 719 2525 officio
733 2484 789 2524 nec
804 2476 833 2524 te
847 2475 975 2525 certasse
990 2466 1119 2541 priorem

397 2558 559 2620 Poeniteat
603 2560 677 2619 Sunt
692 2568 722 2618 et
741 2557 846 2618 Siculis
860 2557 1031 2635 regionibus
1045 2560 1133 2619 urbes

396 2655 555 2728 Armaque,
560 2652 750 2730 Trojanoque
766 2669 784 2710 a
797 2650 941 2728 sanguine
955 2652 1051 2711 clams
1063 2654 1198 2712 Acestes.

396 2746 576 2820 Quassatam
589 2745 687 2805 ventis
701 2744 789 2804 liceat
803 2745 968 2804 subducere
983 2746 1117 2819 classem,

397 2841 435 2899 Et
450 2839 530 2899 silvis
544 2850 645 2915 aptare
660 2840 759 2899 trabes
774 2849 803 2897 et
818 2837 959 2915 stringere
974 2857 1080 2912 remos,

396 2932 426 2992 Si
441 2933 527 3012 datur
542 2931 668 3006 Italiam,
684 2932 774 2992 sociis
788 2941 818 2991 et
832 2950 900 3007 rege
915 2941 1043 3007 recepto,
1067 2976 1069 2980 -

396 3024 542 3097 Tendere,
559 3036 592 3083 ut
606 3024 724 3092 Italiam
738 3024 808 3084 laeti
826 3023 1004 3101 Latiumque
1018 3035 1162 3101 petamus,

396 3116 447 3177 Sin
461 3119 620 3194 absumpta
634 3118 721 3191 salus,
738 3127 768 3177 et
782 3129 820 3191 te,
835 3127 921 3194 pater
933 3116 1046 3194 optime
1060 3119 1217 3192 Teucnrm‚

397 3213 510 3270 Pontus
524 3210 615 3269 babet
629 3210 750 3289 Libyae,
765 3230 822 3272 nec
837 3231 907 3288 spes
918 3212 981 3290 jam
995 3221 1086 3271 restat
1101 3210 1167 3285 Iuli,

395 3305 437 3362 At
451 3303 525 3363 freta
538 3302 673 3363 Sicaniae
687 3304 792 3364 saltem
807 3305 953 3381 sedesque
967 3314 1093 3382 paratas,

345 3461 347 3466 ,
397 3395 489 3457 Unde
504 3396 562 3455 huc
576 3396 701 3470 advecti,
716 3416 875 3475 regemque
888 3409 1025 3476 petamus
1038 3401 1177 3459 Acesten.

396 3480 519 3550 Talibus
535 3489 686 3564 Ilioneus;
705 3490 805 3570 cuncti
820 3492 907 3551 simul
922 3512 972 3553 ore
986 3492 1152 3554 fremebant

397 3582 596 3644 Dardanidae.

435 3678 514 3736 Tum
528 3677 655 3737 breviter
670 3676 759 3751 Dido,
774 3680 888 3738 vultum
903 3679 1039 3756 demissa,
1054 3682 1204 3760 profatur:

398 3769 510 3829 Solvite
524 3770 615 3829 corde
627 3780 749 3843 metum,
764 3771 882 3846 Teucri,
898 3762 1046 3835 secludite
1055 3794 1148 3837 curas.

396 3863 461 3921 Res
475 3862 549 3921 dura
562 3873 593 3923 et
606 3864 689 3941 regni
702 3864 818 3925 novitas
832 3885 880 3925 me
894 3867 966 3927 talia
978 3879 1089 3945 cogunt

397 3955 508 4030 Moliri,
523 3967 553 4016 et
566 3958 626 4019 late
638 3957 714 4020 r'mes
727 3959 852 4021 custode
866 3960 948 4021 tueri.
