3550 4859
696 567 904 613 numm.
928 566 987 611 us
1009 566 1050 612 Vl.

382 726 502 805 Vixque
514 733 616 786 movet
629 736 715 785 natus
728 741 784 802 per
796 723 902 786 inertia
914 722 1037 785 brachie
1049 741 1183 802 penum

383 820 545 897 Foedaque
559 819 592 878 fit
605 817 742 892 volucris,
757 818 873 879 venturi
886 817 992 878 nuntie
1005 817 1109 891 luctus,

382 915 515 992 Ignarus
525 912 617 985 bubo,
632 910 728 971 dirum
743 912 916 971 mortalibus
931 927 1027 971 omen.

423 1006 486 1067 Hic
500 1010 600 1066 tumen
613 1002 728 1063 indicio
739 1021 868 1080 poenam
881 1003 1041 1081 linguaque
1054 1002 1148 1064 videri

382 1098 604 1163 Commeruisse
616 1106 735 1173 potest;
754 1096 849 1170 vobis,
864 1096 1054 1171 Acheloides,
1069 1095 1150 1157 unde

381 1192 489 1253 Pluma
502 1192 654 1269 pedesque
668 1188 775 1263 svium,
792 1208 883 1266 quum
898 1187 1017 1266 virginis
1031 1209 1084 1250 ora
1096 1188 1224 1267 geratis?

379 1288 430 1345 An
445 1284 523 1362 quia,
539 1303 631 1361 quum
646 1284 758 1361 legeret
770 1301 877 1343 vernos
893 1282 1071 1359 Proserpina
1084 1282 1180 1357 flores,

381 1381 420 1440 In
435 1377 578 1439 comitum
592 1387 717 1436 numero
730 1375 848 1449 mixtae,
863 1376 988 1449 Sirenes,
1004 1375 1112 1436 eratis?

380 1472 482 1547 Quam
496 1480 656 1548 postquam
670 1480 735 1530 toto
748 1469 854 1529 frustra
869 1468 1025 1545 quaesistis
1038 1469 1069 1530 in
1083 1469 1164 1544 orbe,

380 1564 532 1638 Protinus,
548 1575 581 1624 ut
595 1572 722 1623 vestram
736 1562 878 1622 sentirent
893 1580 1023 1639 aequora
1036 1581 1145 1637 curam,

380 1659 477 1719 Posse
492 1676 579 1734 super
592 1656 699 1716 fluctus
713 1655 824 1715 aluum
838 1654 972 1716 insistere
985 1655 1074 1717 remis

381 1750 525 1828 Optastis,
541 1748 702 1826 facilesque
716 1748 791 1808 deos
805 1748 958 1823 habuistis,
973 1759 1004 1810 et
1018 1760 1096 1812 artus

379 1842 507 1904 Vidistis
521 1853 634 1903 vestros
648 1839 753 1902 subitis
767 1841 925 1902 flavescere
940 1843 1054 1919 pennis.

380 1939 430 1998 Ne
443 1947 545 1997 tamen
559 1935 609 1995 ille
623 1953 723 2009 canor,
739 1935 913 1995 mulcendas
927 1946 1014 1996 natus
1028 1937 1067 1998 ed
1082 1955 1175 2014 aum,

381 2029 611 2107 Tantaque-dos
623 2026 683 2089 oris
697 2028 815 2107 linguae
829 2029 1006 2107 deperderet
1018 2049 1113 2107 usum,

379 2122 516 2203 Virginei
528 2122 627 2183 vultus
641 2132 672 2183 et
685 2140 744 2182 vox
757 2122 888 2183 humana
901 2124 1049 2185 remansit.

421 2218 465 2277 At
478 2214 594 2276 medius
608 2214 763 2292 dabisque
777 2214 822 2275 sui
836 2227 1027 2295 maestaeque
1041 2218 1149 2280 sororis

378 2308 498 2387 Jupiter
511 2328 548 2369 ex
562 2325 660 2385 aequo
673 2308 844 2369 volventem
858 2310 964 2371 dividit
977 2330 1095 2373 sunum

380 2405 473 2464 Nunc
487 2401 553 2476 dea,
568 2419 727 2480 regnorum
739 2419 852 2462 numen
866 2421 1027 2466 commune
1040 2405 1175 2480 duorum,

380 2497 462 2557 Cum
476 2506 569 2555 matre
583 2505 630 2556 est
644 2494 778 2570 totidem,
793 2495 920 2557 totidem
933 2517 1002 2558 cum
1015 2500 1143 2577 conjuge
1156 2517 1285 2560 menses.

377 2588 512 2649 Vertitur
525 2589 676 2666 extemplo
688 2588 780 2650 facies
794 2600 825 2651 et
838 2591 948 2652 mentis
961 2602 992 2653 et
1005 2591 1084 2652 oris:

379 2684 471 2757 Nam,
486 2682 578 2743 modo
592 2701 670 2759 qnae
683 2692 800 2762 poteret
815 2683 878 2744 Diti
893 2703 1013 2762 quoque
1027 2696 1142 2745 maesta
1155 2684 1257 2760 videri,

379 2775 476 2836 Laeta
489 2776 564 2836 deae
577 2775 661 2835 frons
674 2784 739 2836 est:
759 2785 792 2837 ut
805 2778 865 2851 Sol,
880 2778 932 2855 qui
946 2788 1042 2839 tectus
1056 2778 1177 2857 aquosis
1322 2806 1360 2847 ere

379 2868 521 2930 Nubibus
536 2878 605 2930 ante
618 2868 681 2943 fuit,
696 2868 782 2930 victis
796 2870 847 2931 ubi
861 2872 991 2933 nubibus
1006 2870 1075 2934 exit

481 2975 500 3014 e
639 2974 660 3017 s
799 2974 818 3015 e
959 2973 979 3014 s
1118 2974 1139 3017 s

749 3404 899 3468 ursus
927 3355 993 3466 ur.

481 3638 501 3678 s
638 3637 659 3678 s
798 3636 818 3676 s
957 3637 977 3678 s
1117 3637 1137 3678 s

381 3722 486 3781 Lrum
498 3730 562 3782 tota
574 3719 681 3795 fremit,
697 3718 900 3799 Phrygiaeque
914 3737 969 3798 per
981 3718 1093 3799 oppida
1106 3719 1177 3783 recti

381 3815 500 3875 Rumor
513 3814 536 3875 it
549 3825 580 3876 et
592 3831 733 3893 magnum
747 3810 932 3873 sennonibns
947 3823 1075 3892 occupat
1088 3815 1200 3877 orbem.

382 3910 464 3968 Ante
479 3925 548 3968 suos
563 3906 662 3968 Niobe
676 3905 823 3966 thalamos
837 3916 1017 3983 cognoverat
1031 3906 1121 3982 illam,

379 3999 471 4060 Tunc
484 4017 577 4077 quum
590 3996 764 4059 Maeoniam
776 3997 860 4077 virgo
874 3997 1068 4078 Sipylumque
1080 4000 1219 4077 colebstJ
