3550 4859
441 556 462 614 4
776 553 802 603 r.
822 553 926 603 evron
946 552 1083 603 suoru

442 702 531 776 Nam,
546 719 718 779 quanquam
730 702 810 764 ferus
822 699 919 764 hostis
931 712 1003 777 erat,
1018 713 1119 764 tamen
1133 700 1208 763 illud
1221 702 1261 764 sb
1273 719 1352 765 uno·
1381 720 1418 771 ss,

441 795 576 872 Corpore
590 805 672 856 etex
684 815 746 857 una
757 796 911 873 pendebat
924 795 1038 873 origine
1053 797 1174 857 bellum.

441 889 531 947 Nunc
545 886 626 962 mihi,
642 907 701 965 qua
714 899 811 950 totum
825 891 943 950 Nereus
956 888 1156 949 circumsonat
1169 889 1283 963 orbem,

440 980 632 1041 Perdendum
647 991 692 1041 est
705 983 830 1043 mortue
844 1000 946 1059 genus
990 984 1048 1042 Per
1059 980 1183 1042 flumina
1194 982 1262 1059 juro

441 1072 550 1147 Infera,
566 1075 621 1134 sub
635 1084 727 1135 terras
741 1074 843 1152 Stygio
857 1074 990 1136 lubentia
1003 1075 1081 1149 luco,

441 1166 561 1230 Cuncta
573 1166 654 1244 prius
666 1176 799 1228 tentata:
819 1167 874 1228 sed
888 1166 1109 1229 immedicabile
1122 1168 1231 1230 vulnus

441 1261 523 1320 Ense
536 1259 728 1320 recidendum
743 1269 797 1334 est,
812 1277 933 1338 nepam
947 1259 1063 1320 sincera
1076 1261 1218 1321 trahatur.

440 1354 516 1413 Sunt
529 1351 603 1412 mihi
616 1352 754 1427 Semidei,
770 1362 840 1413 sunt
852 1351 962 1413 mstica
974 1352 1106 1427 numina,
1122 1354 1283 1432 Nymphae

441 1443 597 1522 Faunique
611 1446 764 1523 Satyrique
778 1455 809 1506 et
822 1445 1003 1506 monticolae
1017 1444 1146 1506 Silvani:

442 1539 528 1615 Quos
543 1538 685 1615 quoniam
698 1537 775 1599 coeli
789 1538 925 1599 nondum
938 1536 1095 1615 dignamur
1108 1539 1230 1613 honore,

442 1632 526 1708 Quas
540 1631 685 1706 dedimus,
700 1642 780 1692 certe
795 1641 886 1692 terras
900 1631 1034 1691 habiture
1048 1630 1190 1691 sinamus.

441 1726 491 1783 An
506 1724 585 1799 satis,
600 1726 630 1786 Ο
645 1724 750 1802 superi,
766 1733 846 1785 tutos
860 1725 923 1785 sore
937 1722 1057 1785 creditis
1071 1723 1148 1798 illos,

442 1818 544 1894 Quum
558 1816 639 1891 mihi,
654 1817 707 1893 qui
721 1818 841 1891 brimeu,
857 1816 909 1893 qui
922 1835 978 1878 vos
991 1816 1150 1893 habeoque
1163 1817 1304 1896 regoq'ue,

442 1909 584 1972 Struxerit
597 1910 720 1970 insidias
734 1920 823 1971 notus
837 1909 953 1972 feritate
967 1912 1112 1988 Lycaon?
1310 1990 1312 1992 ‚

443 2005 657 2065 Contremuere
672 2021 785 2078 omnes,
800 2002 965 2081 studiisque
979 2002 1152 2063 ardentibus
1166 2022 1271 2063 ausum

442 2096 529 2157 Talia
542 2097 716 2173 deposcunt
759 2096 817 2171 Sic,
832 2115 924 2174 quum
938 2114 1044 2156 manus
1057 2095 1151 2173 impia
1168 2096 1261 2156 saevit
1386 2093 1387 2097 ’

442 2189 592 2268 Smguine
607 2191 756 2251 Caesareo
770 2192 942 2250 Romanum
956 2188 1143 2266 exstinguere
1157 2207 1277 2263 nomen,

440 2282 612 2344 Attonitum
626 2293 711 2345 tanto
724 2282 839 2344 subitae
853 2294 963 2344 terrore
976 2281 1080 2344 ruinae

390 2405 396 2414 ·
442 2377 728 2455 Humanumgenus
741 2387 787 2438 est
800 2386 940 2453 totusque
954 2374 1118 2452 perhorruit
1132 2374 1234 2450 orbis3
1290 2434 1294 2440 .

442 2470 509 2529 Nec
523 2469 577 2530 tibi
591 2481 675 2547 grata
687 2469 785 2530 minus
799 2468 904 2547 pietas
918 2470 1061 2546 Auguste,
1077 2478 1204 2541 tuorum,

442 2561 542 2637 Quam
556 2562 610 2624 suit
624 2562 675 2623 illa
687 2562 764 2640 Jovi.
808 2562 869 2639 Qui
882 2571 1043 2640 postquam
1056 2580 1132 2622 voce
1146 2579 1296 2639 manuque
1319 2582 1321 2585 ’

442 2655 597 2715 Murmura
611 2655 794 2734 compressit,
809 2666 931 2716 tenuere
946 2653 1064 2720 silentia
1077 2655 1186 2715 cuncti.

442 2747 577 2808 Substitit
591 2758 625 2809 ut
637 2749 757 2823 clamor,
773 2765 892 2827 pressus
905 2747 1048 2826 gravitate
1062 2747 1199 2825 regentis,

440 2839 558 2916 Jupiter
569 2841 629 2901 hoc
642 2840 748 2902 iterum
762 2859 900 2902 sermone
914 2840 1032 2901 silentia
1046 2840 1143 2917 rupit:

442 2932 499 2992 Ille
514 2932 635 3009 quidem
649 2952 763 3013 poenas
772 2969 815 2978 -
824 2953 925 2995 curam
940 2934 1019 2994 hanc
1033 2931 1317 2993 dimittite—solvit
1327 2955 1349 3010 3·

442 3025 534 3102 Quod
548 3036 648 3086 tamen
663 3026 834 3102 admissum,
849 3045 928 3105 quae
942 3025 980 3086 sit
992 3025 1134 3100 vindicta,
1150 3026 1276 3087 docebo.
1381 3055 1420 3084 ιω

443 3117 617 3195 Contigerat
631 3129 747 3179 nostras
760 3118 883 3180 infamis
896 3117 1039 3196 temporis
1054 3137 1158 3192 aures;

443 3211 544 3286 Quam
559 3211 683 3289 cupiens
696 3212 810 3287 falsam,
826 3231 944 3273 summo
959 3212 1084 3272 delabor
1096 3212 1244 3289 Olympo,

443 3305 483 3364 Et
497 3304 571 3364 deus
585 3305 716 3365 humana
729 3305 821 3365 lustro
836 3306 892 3366 sub
906 3303 1035 3382 imagine
1049 3313 1148 3364 terres.

443 3398 550 3475 Longa
562 3416 647 3457 mora
660 3408 713 3471 est,
729 3407 874 3475 quantum
883 3415 987 3458 noxae
1001 3397 1039 3457 sit
1052 3396 1165 3474 ubique
1181 3406 1337 3475 repertum,

444 3491 644 3551 Enumerare:
662 3489 761 3550 minor
774 3490 828 3551 fuit
842 3491 908 3568 ipsa
925 3489 1048 3550 infamia
1060 3508 1139 3550 vero.

444 3583 586 3644 Maenala
600 3582 781 3656 transieram,
796 3582 918 3644 latebris
931 3583 1079 3643 horrenda
1092 3583 1227 3657 ferarum,
1281 3648 1283 3653 ,

444 3676 566 3735 Etcum
580 3677 705 3754 Cyllene
718 3675 809 3753 gelidi
823 3674 926 3753 pineta
939 3674 1069 3753 Lycaei3

442 3768 578 3828 Arcados
591 3768 662 3828 hinc
676 3767 807 3829 sedeset
820 3767 972 3844 inhospita
985 3777 1065 3828 tecta
1078 3766 1193 3845 tyranni

443 3859 609 3937 Ingredior‚
625 3861 774 3921 ualerent
787 3877 886 3937 quum·
894 3877 960 3922 sera
972 3861 1147 3936 crepuscula
1160 3870 1289 3921 noctem.
1395 3869 1397 3873 '

444 3950 534 4029 Signa
547 3952 618 4012 dedi
632 3952 749 4013 venisse
762 3952 861 4028 deum,
875 3951 1040 4030 vulgusque
1053 3951 1166 4029 precari
