3550 4859
573 775 581 804 ‚
766 773 768 778 .

406 823 519 883 Ardeat
533 832 564 883 et
577 822 682 884 mundi
694 822 791 882 moles
804 838 932 897 opens
944 820 1066 881 laboret

407 916 483 976 Tela
497 925 680 993 reponuntur
691 914 830 974 manibus
842 911 988 974 fabricata
1000 912 1190 989 Cyclopum:

408 1011 512 1069 Poena
525 1009 626 1085 placet
638 1006 762 1080 diversa,
774 1024 871 1083 grains
879 1005 1009 1068 morule
1023 1006 1079 1064 snb
1093 1002 1182 1064 undis

392 1101 535 1161 ·Perdere
550 1110 580 1160 et
594 1120 631 1160 ex
644 1099 726 1160 omni
739 1098 860 1159 nimbos
872 1098 1023 1159 dinamus
1035 1097 1130 1157 coelo.

408 1192 546 1253 Protinus
560 1192 677 1253 Aeoliis.
687 1191 870 1270 Aquilonem
883 1190 997 1251 claudit
1009 1190 1041 1249 in
1055 1188 1147 1250 antris

408 1288 448 1346 Et
462 1305 668 1363 quaecumque
682 1284 785 1362 sugant
797 1283 937 1345 inductas
948 1282 1070 1342 flamina
1081 1284 1186 1356 nubes,

409 1378 585 1455 Emittitque
600 1380 723 1439 Notum
752 1415 754 1426 ι
766 1376 902 1437 Madidis
915 1378 1014 1436 Notus
1029 1376 1128 1436 evolat
1141 1374 1203 1449 alis,

408 1470 584 1531 Terribilem
597 1470 684 1548 picea
695 1480 793 1532 seems
806 1468 933 1546 caligine
946 1469 1081 1543 vultum;
1201 1509 1205 1518 ·

390 1600 393 1606 ,
409 1566 507 1629 Barba
520 1562 616 1641 gravis
629 1562 749 1636 nimbis,
763 1562 846 1623 carris
858 1561 925 1622 fluit
936 1563 1019 1623 unda
1032 1561 1155 1639 capillis,

409 1658 521 1718 Fronte
535 1658 642 1717 sedent
654 1657 791 1730 nebulae,
805 1666 908 1716 rorant
920 1674 1098 1733 pennaeque
1115 1655 1265 1733 sinusque

409 1751 514 1827 thue
528 1768 618 1810 manu
632 1750 692 1811 late
705 1747 869 1827 pendentia
881 1749 986 1811 nubila
997 1748 1112 1827 pressit,

349 1902 355 1912 ,
409 1843 459 1904 Fit
472 1836 586 1921 fragor:
607 1841 777 1904 hincdenni
791 1843 955 1905 tunduntur
966 1843 1007 1904 ab
1019 1843 1139 1903 aethere
1152 1841 1254 1903 nimbi

410 1936 524 1997 Nuntia
536 1935 664 2013 Junonis
677 1934 775 1997 uarios
788 1935 894 1998 induta
905 1938 1031 2011 colores,

396 2028 552 2106 ·Concipit
566 2028 623 2090 Iris
635 2048 729 2107 aquas
743 2028 943 2107 alimentaque
957 2028 1087 2089 nubibus
1101 2029 1192 2089 affert

409 2124 584 2183 Sternuntur
598 2131 720 2198 segetes,
736 2132 767 2183 et
780 2122 935 2199 deplorata
948 2121 1065 2183 colonis

409 2216 491 2275 Vota
501 2216 603 2291 jacent
616 2214 757 2292 longique
770 2214 847 2293 perit
860 2216 946 2276 labor
957 2214 1055 2275 irritus
1069 2212 1147 2275 anni.

410 2309 478 2368 Nec
491 2308 578 2367 coelo
592 2318 734 2369 contenta
746 2327 802 2369 suo
816 2318 865 2369 est-
873 2307 959 2387 Jovis
971 2307 1035 2383 ira3
1054 2308 1108 2369 sed
1121 2307 1205 2368 illum

411 2401 573 2462 Caenrleus
586 2401 675 2461 frater
684 2402 769 2480 juvat
782 2401 973 2463 auxiliaribus
985 2401 1083 2462 undis

393 2495 568 2556 ⁴Convocat
581 2493 630 2554 hic
644 2513 747 2555 amnes
759 2518 767 2555 ε
779 2494 831 2573 qui
845 2506 1007 2572 postquam
1021 2504 1100 2555 tecta
1112 2493 1230 2572 tyranni

410 2588 563 2646 Intravere
577 2585 630 2660 sui,
647 2588 718 2648 Non
732 2598 779 2649 est
790 2588 959 2649 hortamine
972 2588 1066 2667 longo

411 2681 510 2753 Nunc,
527 2678 576 2754 ait,
591 2680 754 2742 utendum:
767 2680 844 2742 vires
858 2680 1002 2742 effundite
1015 2690 1178 2741 vestras-

412 2772 461 2834 Sic
476 2792 554 2849 opus
567 2783 613 2834 est
622 2772 784 2850 -aperite
797 2774 914 2847 domos,
928 2792 966 2834 ac
978 2774 1059 2834 mole
1073 2783 1189 2834 remota

411 2864 596 2928 Fluminibus
609 2865 713 2928 restris
726 2875 806 2927 totas
817 2864 967 2926 immittite
981 2867 1123 2927 habenas

397 2962 559 3037 ·Jusserat:
581 2959 612 3019 hi
625 2960 759 3033 redeunt,
768 2978 811 3020 nc
823 2957 957 3019 fontibus
969 2978 1024 3019 ora
1035 2960 1178 3033 relaxant,

381 3077 383 3081 ⁴
411 3055 451 3113 Et
466 3053 619 3113 defrenato
631 3053 790 3112 volvuntur
802 3050 834 3111 in
847 3070 980 3129 aequora
991 3071 1087 3113 cursu.

411 3139 483 3223 Ipse
497 3145 623 3206 tridente
637 3163 692 3208 suo
706 3153 813 3205 terram
827 3144 993 3222 percussit3
1012 3155 1043 3206 at
1057 3145 1109 3205 illa

411 3237 569 3299 Intremuit
582 3248 725 3315 monaque
739 3236 803 3298 vias
816 3237 957 3315 patefecit
971 3256 1122 3315 aquarum

412 3330 586 3408 Exspatiata
597 3342 688 3392 ruunt
699 3349 754 3408 per
766 3341 885 3409 apertos
898 3330 1022 3391 llumina
1035 3349 1168 3408 campos,

399 3425 551 3500 -Cumque
565 3422 636 3484 satis
649 3425 770 3485 arbusta
782 3424 869 3486 simul
885 3424 1076 3502 pecudesque
1089 3422 1228 3500 virosque

411 3518 575 3593 Tectaque,
590 3535 718 3593 cumque
732 3516 794 3577 suis
806 3516 927 3594 rapirmt
938 3516 1102 3595 penetralia
1115 3516 1212 3577 meris

411 3608 442 3670 Si
456 3628 516 3686 qua
530 3609 637 3669 domus
652 3609 760 3669 mansit
772 3609 931 3687 potuitque
943 3609 1079 3671 resistere
1092 3619 1177 3670 tanto

412 3701 570 3779 Indejecta
582 3703 672 3776 malo,
686 3703 805 3763 culmen
819 3712 921 3763 tamen
933 3701 1020 3763 altior
1033 3702 1121 3781 hujus

412 3796 506 3857 Unda
520 3794 599 3873 tegit,
615 3814 793 3873 pressaeque
807 3796 904 3856 latent
915 3796 971 3855 snb
984 3793 1097 3873 gurgite
1111 3804 1213 3856 turres

410 3890 540 3968 Jamque
554 3908 635 3950 mare
648 3899 680 3950 et
692 3889 781 3950 tellus
793 3890 909 3949 nullum
922 3886 1081 3950 discrimen
1097 3889 1270 3949 habehant:

413 3980 525 4044 omnia
536 3992 649 4061 P0¹⁰¹¹
657 3991 743 4058 mli
760 3981 886 4046 ‘hem‘
897 3976 1022 4060 ¹l¹¹⁰⁸lue
1034 3981 1237 4060 ΜΡΝ

1339 1022 1384 1063 Mn

1335 1484 1384 1535 1⁶5
