3550 4859
400 523 456 585 150
711 522 737 565 P.
757 520 891 565 vinoun
913 521 1055 566 uunoms

438 670 480 728 At
495 686 542 727 me
557 677 620 727 tum
634 665 762 745 primum
776 686 884 728 saevus
899 665 1092 727 circumstetit
1105 664 1217 725 horror.
1272 659 1276 666 '

397 760 567 837 Obstupui;
588 760 678 820 subiit
692 760 752 819 cari
765 758 908 838 genitoris
923 758 1030 836 imag0,
1236 837 1238 842 ι
1341 774 1381 824 ⁵⁶0

398 856 442 915 Ut
456 873 556 931 regem
571 872 754 929 aequaevum
769 852 880 913 crudeli
896 853 1018 912 vulnere
1032 851 1093 911 vidi

396 947 498 1006 Vitam
514 935 723 1020 exhalantemss
743 945 833 1006 subiit
847 946 964 1006 deserta
979 947 1099 1019 Creusa,

398 1042 437 1100 Et
452 1040 568 1116 direpta
581 1040 697 1113 domus,
713 1048 743 1099 et
757 1038 839 1116 parvi
854 1057 940 1098 casus
956 1038 1021 1097 Iuli.

398 1132 550 1209 Respicio,
567 1143 604 1207 et,
621 1151 697 1209 quae
712 1131 750 1192 sit
764 1151 812 1191 me
826 1130 938 1191 circum
952 1131 1048 1210 copia,
1063 1131 1163 1192 lustro.
1204 1179 1207 1186 .

398 1229 565 1286 Deseruere
580 1245 684 1286 omnes
698 1224 816 1298 defessi,
832 1235 862 1284 et
876 1244 1001 1302 corpora
1015 1225 1092 1285 saltu
1340 1242 1379 1292 5⁶5

397 1320 448 1380 Ad
463 1329 569 1379 terram
585 1317 691 1378 misere
706 1328 756 1377 aut
770 1316 889 1395 ignibus
903 1337 991 1397 aegra
1005 1318 1121 1377 dedere.

440 1410 580 1492 [Jamque
595 1411 672 1470 adeo
687 1430 775 1487 super
788 1431 864 1470 unus
879 1431 968 1485 eram,
985 1430 1076 1488 quum
1091 1409 1195 1469 limina
1208 1410 1319 1470 Vestae

397 1507 569 1565 Servantem
584 1514 614 1563 et
629 1502 749 1563 tacitam
763 1514 878 1564 secreta
892 1504 922 1562 in
937 1504 1008 1564 sede
1021 1504 1164 1562 latentem

285 1591 287 1595 ’
397 1596 569 1677 Tyndarida
583 1596 737 1673 adspicio:
757 1597 830 1657 dant
844 1597 924 1656 clara
937 1595 1076 1656 incendia
1089 1596 1187 1656 lucem

399 1689 514 1752 Erranti
529 1689 699 1767 passimque
714 1691 817 1750 oculos
831 1709 884 1767 per
899 1699 1006 1749 cuncta
1020 1688 1131 1748 ferenti.

398 1785 457 1845 Illa
470 1782 527 1844 sibi
542 1782 665 1844 infestos
680 1802 782 1843 eversa
796 1783 836 1845 ob
852 1785 996 1859 Pergama
1010 1784 1142 1842 Teucros

399 1879 438 1937 Et
452 1896 565 1953 poenas
581 1878 720 1935 Danaum
735 1886 765 1936 et
779 1875 887 1936 deserti
902 1873 1037 1953 conjugis
1051 1874 1108 1935 iras

400 1972 620 2043 Praemetuens,
636 1971 745 2046 Trojae
760 1979 790 2029 et
803 1968 915 2047 patriae
930 1967 1097 2045 cummunis
1112 1966 1247 2046 Erinnys,
1335 2002 1345 2026 r

400 2061 567 2122 Abdiderat
581 2081 647 2122 sese
661 2073 750 2139 atque
765 2061 823 2122 aris
837 2052 934 2122 invisa
948 2062 1078 2122 sedebat

401 2158 544 2215 Exarsere
559 2156 643 2233 ignes
658 2155 776 2230 animo;
797 2155 878 2215 subit
892 2155 935 2214 ira
949 2156 1106 2218 cadentem

401 2248 515 2309 Ulcisci
528 2248 654 2326 patriam
668 2259 698 2308 et
713 2250 869 2309 sceleratas
883 2268 1000 2309 sumere
1014 2266 1136 2326 poenas.

402 2341 522 2403 Scilicet
536 2342 611 2401 haec
627 2343 763 2419 Spartam
777 2340 935 2401 incolumis
947 2341 1116 2419 patriasque
1132 2342 1277 2419 Mycenas

401 2435 578 2512 Adspiciet?
598 2444 744 2512 partoque
759 2434 812 2495 ibit
826 2435 927 2512 regina
942 2435 1100 2512 triumphe,

401 2527 650 2607 Conjugiumque‚
667 2528 858 2605 domumque,
873 2538 981 2605 patres,
996 2540 1142 2605 natosque
1156 2525 1278 2601 videbit,

354 2695 358 2706 ι
402 2621 530 2681 Iliadum
545 2622 630 2680 turba
644 2630 674 2680 et
689 2620 822 2699 Phrygiis
836 2622 978 2682 comitata
991 2620 1151 2682 ministris?

401 2714 552 2775 Occiderit
566 2715 641 2773 ferro
656 2713 810 2775 Priamus?
850 2716 943 2791 Troja
957 2714 1059 2774 arserit
1072 2713 1153 2792 igni?

402 2807 585 2867 Dardanium
600 2806 687 2867 toties
701 2806 814 2867 sudarit
828 2808 970 2885 sanguine
985 2807 1073 2868 litus?

402 2904 475 2961 Non
490 2900 538 2959 ita
582 2902 720 2976 Namque
735 2901 791 2960 etsi
805 2902 920 2960 nullum
934 2900 1126 2962 memorabile
1141 2918 1252 2961 nomen

402 2993 545 3053 Feminea
559 2992 588 3051 in
604 3012 703 3069 poena
717 3003 761 3053 est
775 3013 831 3053 nec
845 2994 937 3054 habet
950 2993 1074 3053 victoria
1087 2994 1215 3068 laudem,

403 3084 588 3145 Exstinxisse
602 3087 686 3146 nefas
700 3095 798 3146 tamen
814 3097 844 3147 et
858 3086 1020 3163 sumpsisse
1035 3096 1182 3148 merentes

402 3179 563 3239 Laudabor
575 3198 697 3256 poenas,
713 3178 904 3256 animumque
919 3181 1052 3263 explesse
1064 3180 1181 3258 juvabit

403 3272 525 3333 Ultricis
539 3272 686 3345 flammae,
702 3282 732 3331 et
745 3272 860 3332 cineres
875 3272 998 3332 satiasse
1013 3292 1154 3333 meorum

402 3364 489 3424 Talia
500 3365 659 3441 jactabam,
675 3374 705 3424 et
719 3363 823 3424 furiata
836 3375 937 3425 mente
952 3363 1087 3445 ferebar,]

403 3459 505 3533 Quum
520 3456 593 3515 mihi
606 3476 647 3532 se,
663 3477 725 3517 non
739 3467 808 3518 ante
823 3457 917 3518 oculis
932 3468 992 3518 tarn
1007 3459 1094 3532 clara,
1110 3457 1271 3520 videndam

403 3550 521 3611 Obtulit
535 3561 565 3610 et
579 3569 652 3627 pura
665 3570 719 3628 per
732 3561 852 3610 noctem
863 3550 894 3610 in
909 3551 976 3611 luce
990 3550 1102 3611 refulsit

403 3644 494 3703 Alma
506 3662 622 3719 parens,
638 3644 775 3704 confessa
789 3644 885 3717 deam,
902 3644 1057 3721 qualisque
1071 3644 1165 3705 videri

403 3735 564 3797 Coelicolis
578 3746 609 3796 et
622 3747 734 3813 quanta
748 3737 831 3811 solet,
847 3736 1011 3814 dextraque
1025 3737 1205 3814 prehensum

404 3828 568 3903 Continuit,
584 3848 729 3907 roseoque
742 3828 817 3890 haec
832 3828 951 3907 insuper
965 3830 1080 3891 addidit
1094 3849 1163 3891 ore:

404 3924 492 3997 Nate,
508 3921 573 4000 quis
587 3922 748 3984 indomitas
763 3932 862 3984 tantus
876 3923 963 3984 dolor
979 3922 1087 3985 excitat
1101 3923 1179 3986 iras?
1268 3963 1275 3976 ·
