3550 4859
713 576 873 622 Bucolica
918 575 984 619 mla
1007 575 1052 619 111.

807 733 961 772 nmorrss

398 806 538 885 Phyllida
549 804 633 866 mitte
648 803 738 865 milri:
760 823 847 865 meas
857 815 906 865 eat
918 803 1035 877 namu,
1050 804 1148 877 Iolla;

397 902 499 977 Quum
514 898 625 960 faciam.
633 897 728 959 vinula
740 912 795 976 pro
809 896 948 975 frugibus,
963 896 1029 974 ipse
1041 895 1152 957 venito.

807 1014 961 1054 amarem

396 1087 537 1166 Phyllida
549 1105 619 1148 amo
633 1096 702 1145 ante
715 1083 788 1145 alias
800 1107 809 1162 ;
829 1104 899 1145 nam
913 1104 962 1145 me
976 1084 1130 1146 discedere
1144 1082 1234 1158 flevit,

396 1184 438 1242 Et
452 1182 575 1259 longum
590 1182 743 1253 Formose,
758 1180 836 1253 vale,
848 1178 925 1253 vale,
939 1177 1045 1255 inquit,
1060 1178 1145 1247 Iolla

639 1314 641 1317 -
811 1297 964 1336 onoma

395 1368 496 1428 Triste
510 1367 598 1445 lupus
612 1363 743 1438 stabulis,
758 1363 879 1424 maturis
893 1363 1023 1440 frugibus
1038 1363 1156 1437 imbres,

397 1459 566 1521 Arboribus
580 1458 670 1533 venti,
684 1456 773 1519 uobis
787 1456 978 1534 Amaryllidis
992 1456 1060 1517 irae.

810 1575 964 1615 nausicaa

398 1649 498 1709 Dulce
513 1647 584 1708 satis
598 1649 712 1721 humor,
727 1644 859 1723 depulsis
873 1646 995 1705 arbutus
1008 1644 1121 1720 haedis,

398 1744 499 1803 Lenta
512 1740 586 1801 salix
598 1741 660 1800 feto
673 1738 783 1817 pecori,
799 1737 872 1798 mihi
886 1739 967 1799 solus
982 1740 1135 1817 Amyntas.

811 1858 965 1897 Damouras

399 1926 499 1988 Pollio
514 1937 594 1987 amat
607 1936 747 2000 nostram,
763 1923 898 2002 quamvis
913 1935 958 1985 est
972 1924 1087 2000 mstiea
1104 1927 1245 1987 Musam:
1372 1950 1374 1953 ⁴

401 2019 542 2095 Pierides,
556 2019 679 2079 vitulam
692 2017 797 2079 lectori
810 2016 923 2097 pascite
937 2030 1044 2079 vestro.

811 2137 965 2177 MBNALCAS.

401 2207 500 2267 Pollio
514 2217 544 2267 et
558 2203 622 2284 ipse
635 2202 708 2285 facit
719 2221 799 2264 nova
812 2203 961 2265 carmina:
982 2203 1095 2284 pascite
1109 2214 1235 2277 taurum,

294 2327 300 2333 ·
399 2303 469 2379 Jam
483 2319 576 2361 comu
590 2308 673 2376 petat
686 2308 716 2358 et
729 2296 856 2375 pedibus
870 2297 921 2375 qui
936 2310 1054 2377 spargat
1068 2317 1196 2359 arenam.

812 2418 966 2457 Damouras

401 2486 463 2565 Qui
477 2497 515 2561 te,
531 2485 636 2560 Pollio,
652 2495 740 2559 amat,
755 2483 940 2561 veniatque
954 2497 984 2547 te
999 2505 1118 2564 quoque
1132 2485 1251 2563 gaudet,

401 2582 499 2641 Mella
510 2579 604 2641 fluant
617 2578 668 2653 illi,
683 2579 757 2639 ferat
770 2588 800 2638 et
814 2579 905 2638 rubus
920 2597 1006 2657 asper
1020 2598 1180 2639 amomum.

813 2697 967 2737 uiuamus.

400 2765 464 2842 Qui
479 2764 602 2826 Bavium
616 2784 678 2825 non
693 2763 765 2839 odit,
781 2774 861 2827 amet
876 2775 928 2825 tua
941 2764 1081 2840 carmina,
1098 2764 1208 2839 Maeui,

400 2861 505 2937 Atque
519 2858 600 2928 idem
611 2859 717 2936 jungat
729 2858 834 2935 vulpes
848 2867 878 2918 et
893 2860 1025 2936 mulgeat
1038 2857 1143 2920 hircos

812 2975 969 3016 mornas

400 3044 467 3121 Qui
481 3042 576 3135 legitis
590 3044 677 3103 flores
691 3052 722 3104 et
734 3041 819 3102 humi
832 3044 988 3104 nascentia
1001 3043 1090 3120 fraga,

400 3136 549 3215 Frigidus,
564 3155 584 3197 o
597 3134 690 3213 pueri,
704 3134 796 3213 fugite
810 3134 889 3210 hinc,
906 3136 980 3197 latet
993 3135 1097 3215 anguis
1111 3133 1142 3194 in
1156 3133 1256 3198 herba

817 3252 970 3292 usuum

401 3323 532 3400 Parcite,
548 3342 629 3397 oves,
644 3321 770 3385 nimium
784 3325 946 3401 procedere
960 3348 966 3385 ε
986 3343 1050 3385 non
1063 3326 1141 3385 bene
1155 3322 1237 3401 ripae

403 3416 544 3481 Creditur
549 3438 558 3492 3
578 3417 644 3497 ipse
657 3416 735 3479 aries
749 3416 839 3480 etiam
854 3435 934 3478 nunc
948 3418 1059 3480 vellera
1072 3415 1171 3480 siccat.

815 3533 971 3573 umorum.

402 3606 516 3687 Tityre,
531 3616 691 3685 pascentes
703 3621 723 3668 a
735 3605 856 3672 mimine
870 3605 948 3669 reiee
961 3606 1110 3683 capellas:

404 3704 487 3779 Ipse,
501 3698 555 3760 ubi
569 3709 687 3778 tempus
700 3698 764 3773 erit,
779 3715 884 3763 omues
898 3698 929 3762 in
943 3698 1026 3760 sonte
1039 3698 1154 3760 lavabo.

820 3815 974 3856 musas.

405 3889 517 3969 Cogite
531 3908 611 3963 oves,
625 3887 710 3967 pueri
720 3910 729 3962 ;
749 3887 775 3950 si
787 3888 835 3951 lae
847 3886 1030 3965 praeceperit
1041 3897 1149 3960 muns,

406 3986 453 4046 Ut
467 4002 571 4062 nuper,
586 3982 692 4043 frustra
705 3980 907 4059 praesumas
919 3981 1011 4044 ubere
1023 3979 1137 4059 peusis
1228 4051 1231 4060 ¹
