3550 4859
399 568 455 627 108
714 584 738 628 Ρ.
761 583 895 627 vmcuu
917 583 1060 628 niuosis
1148 628 1156 640 ,

436 728 598 787 Texendae
613 746 717 805 saepes
732 728 821 788 etiam
836 739 866 788 et
879 747 973 806 pecus
987 747 1077 788 omne
1092 727 1265 802 tenendum,
1299 771 1301 774 -
1375 742 1378 746 ’

397 822 558 898 Praecipue
573 822 644 880 dum
659 822 740 881 frons
754 832 863 881 tenera
871 821 1101 898 imprudensque
1116 822 1271 897 laborum,

397 914 454 975 Cui
469 934 558 991 super
571 914 708 992 indignas
723 915 837 975 hiemes
852 916 1005 991 solemque
1019 923 1175 991 potentem

398 1010 555 1069 Silvestres
570 1008 614 1066 uri
628 1008 753 1067 adsidue
768 1027 952 1086 capreaeque
967 1027 1108 1084 sequaces

398 1101 541 1173 Illudunt,
557 1111 719 1177 pascuntur
733 1120 806 1160 oves
820 1101 985 1177 avidaeque
1004 1103 1158 1177 juvencae.

397 1194 517 1270 Frigora
532 1212 587 1252 nec
602 1204 716 1252 tanturn
730 1213 806 1252 caua
819 1204 959 1253 concreta
973 1193 1086 1270 pruina,

396 1289 457 1345 Aut
471 1286 569 1364 gravis
584 1286 759 1345 incumbens
774 1286 905 1362 scopulis
920 1287 1072 1347 arentibus
1087 1296 1194 1361 aestas,

397 1379 549 1452 Quantum
564 1379 606 1436 illi
622 1397 751 1437 nocuere
765 1398 881 1457 greges,
898 1379 1023 1455 durique
1037 1398 1186 1439 venenum

397 1471 506 1531 Dentis
521 1483 551 1531 et
566 1472 706 1531 admorso
720 1471 837 1549 signata
850 1473 880 1530 in
897 1473 988 1549 stirpe
1002 1472 1129 1532 cicatrirc

397 1567 468 1625 Non
483 1565 571 1624 aliam
586 1565 626 1623 ob
640 1566 758 1642 culpam
773 1562 894 1624 Baccho
906 1584 995 1641 caper
1009 1566 1149 1625 omnibus
1162 1564 1222 1633 aris

397 1658 540 1719 Caeditur
553 1669 584 1718 et
597 1669 711 1718 veteres
726 1658 830 1718 ineunt
844 1659 1001 1735 proscenia
1013 1659 1085 1731 ludi,

397 1751 594 1828 Praemiaque
608 1752 736 1830 ingeniis
749 1771 844 1830 pagos
858 1762 889 1811 et
903 1752 1034 1828 compita
1047 1751 1159 1811 circum

396 1846 548 1905 Thesidae
564 1863 700 1921 posuere,
716 1854 805 1921 atque
820 1846 898 1905 iuter
911 1845 1020 1921 pocula
1033 1844 1104 1904 laeti

397 1937 543 1998 Mollibus
558 1938 589 1995 in
603 1938 696 2014 pratis
710 1949 816 1998 unctos
830 1939 947 1997 saluere
962 1956 1016 2014 per
1029 1947 1120 1997 utres,

398 2033 539 2091 Necnon
555 2030 690 2104 Ausonii,
706 2032 797 2110 Troja
809 2049 885 2109 gens
899 2031 1000 2104 missa,
1016 2029 1118 2089 coloni

397 2124 542 2183 Versibus
556 2123 717 2200 incomptis
731 2124 838 2182 ludunt
852 2123 971 2199 risuque
988 2123 1096 2196 soluto,

398 2217 519 2293 Oraque
534 2216 694 2276 corticibus
709 2226 829 2275 sumunt
842 2215 992 2275 horrenda
1005 2215 1125 2288 cavatis

399 2311 438 2369 Et
452 2318 490 2383 te,
507 2309 632 2381 Bacche,
648 2317 756 2368 vocant
770 2328 823 2385 per
836 2309 969 2368 carmina
983 2308 1069 2382 laeta,
1085 2306 1199 2385 tibique

399 2401 514 2463 Oscilla
528 2403 638 2461 exalta
652 2402 838 2478 suspendunt
852 2402 955 2461 mollia
969 2400 1050 2477 pinu

400 2496 484 2555 Hinc
498 2495 596 2554 omnis
610 2496 693 2573 largo
708 2494 845 2571 pubescit
857 2495 946 2553 vinea
960 2494 1030 2566 fetu,

399 2589 597 2665 Complentur
610 2588 763 2663 vallesque
776 2606 868 2646 cavae
882 2587 1036 2662 saltusque
1050 2582 1199 2662 profundi,

400 2684 439 2742 Et
453 2700 643 2759 quocumque
657 2681 732 2740 deus
746 2680 858 2739 circum
868 2689 958 2757 caput
971 2679 1033 2758 egit
1045 2678 1214 2737 honestum

400 2776 480 2853 Ergo
495 2774 550 2833 rite
564 2793 653 2833 suum
669 2773 787 2833 Baccho
801 2774 935 2832 dicemus
949 2766 1095 2831 honorem

401 2866 589 2927 Carminibus
604 2866 705 2943 patriis
720 2867 881 2942 lancesque
896 2876 926 2925 et
939 2865 1000 2924 liba
1014 2865 1151 2938 feremus,

401 2961 440 3019 Et
454 2959 561 3018 ductus
575 2978 668 3018 cornu
682 2959 774 3019 stabit
788 2977 873 3018 sacer
886 2958 985 3017 hircus
1000 2957 1038 3016 ad
1053 2976 1143 3030 aram,
1342 2977 1381 3017 aas

401 3052 586 3130 Pinguiaque
600 3052 631 3109 in
646 3051 765 3111 veribus
779 3051 957 3111 torrebimus
972 3060 1041 3110 exta
1054 3048 1192 3109 columis

442 3148 496 3204 Est
511 3145 600 3204 etiam
614 3143 665 3203 ille
678 3144 763 3203 labor
776 3144 915 3204 curandis
929 3143 1038 3203 vitibus
1053 3143 1136 3216 alter,

403 3239 461 3299 Cui
475 3256 638 3313 numquam
651 3237 786 3296 exhausti
800 3235 873 3296 satis
884 3247 948 3296 est:
969 3233 1099 3313 namque
1109 3253 1198 3295 omne
1210 3242 1283 3310 quot
1293 3231 1380 3293 aunis

401 3332 521 3407 Terque
536 3339 698 3407 quaterque
712 3330 808 3388 solum
822 3330 1030 3402 scindendum,
1046 3328 1211 3407 glaebaque
1224 3326 1317 3386 versis

403 3426 568 3484 Aeternum
581 3421 745 3500 frangenda
758 3421 931 3481 bidentibus
943 3442 952 3496 ;
972 3441 1061 3481 omne
1076 3421 1236 3481 levandum
1343 3447 1381 3486 4oe

299 3585 306 3595 ,
403 3517 522 3576 Fronde
536 3534 648 3573 nemus.
691 3513 784 3574 Redit
797 3514 932 3592 agricolis
946 3514 1031 3574 labor
1044 3524 1127 3573 actus
1141 3514 1172 3573 in
1186 3513 1299 3586 orbem,

404 3613 504 3686 Atque
519 3609 550 3666 in
565 3626 597 3666 se
610 3626 664 3666 sua
677 3625 732 3683 per
744 3606 869 3684 vestigia
881 3606 1008 3666 volvitur
1021 3626 1126 3667 annus.

405 3706 451 3762 Ac
470 3704 532 3779 jam
546 3700 618 3760 olim
632 3718 713 3759 seras
726 3699 826 3775 posuit
840 3718 932 3774 quum
945 3700 1033 3758 vinea
1046 3700 1169 3761 frondes

405 3794 540 3872 Frigidus
554 3803 585 3852 et
598 3792 679 3852 silvis
692 3792 794 3867 aquilo
808 3790 939 3851 decussit
952 3792 1105 3865 honorem,

403 3891 472 3965 Jam
486 3896 549 3947 tum
562 3903 631 3945 acer
644 3903 731 3944 curas
743 3885 914 3944 venientem
929 3882 1064 3944 extendit
1076 3883 1109 3944 in
1121 3903 1235 3945 annum
1329 3907 1383 3945 ,4ος

405 3980 555 4055 Rusticus,
571 3988 602 4038 et
614 3996 706 4038 curvo
721 3977 839 4038 Saturni
852 3977 944 4038 dente
957 3977 1092 4040 relictam
