3550 4859
748 579 908 670 ,imm
929 583 988 630 ΗΒ.
1007 586 1042 631 11.

408 732 535 794 Palladis
549 729 671 792 auxiliis
680 749 800 810 semper
811 731 901 793 stetit.
946 731 1060 811 Impius
1074 751 1111 793 ex
1125 751 1186 811 quo

406 826 538 905 Tydides
552 824 607 886 sed
621 825 701 885 enirn
716 828 922 903 scelerumque
937 826 1073 887 inventor
1087 827 1201 901 Ulixes,

407 921 508 981 Fatale
523 918 651 997 aggressi
666 929 781 979 sacrato
795 921 924 979 avellere
937 920 1050 997 templo

304 1094 307 1098 1
407 1012 581 1087 Palladium,
598 1010 692 1073 caesis
707 1032 840 1073 summae
854 1012 1030 1073 custodibus
1043 1012 1127 1088 arcis,

406 1106 583 1185 Corripuere
598 1124 711 1166 sacram
726 1106 863 1183 effigiem,
878 1107 1076 1183 manibusque
1089 1104 1217 1168 cruentis

404 1200 561 1278 virgineas
576 1199 639 1260 ausi
654 1197 741 1258 divae
755 1198 928 1277 contingere
941 1198 1038 1274 vittas,

405 1295 451 1354 Ex
464 1293 517 1353 illo
531 1293 622 1353 fluere
637 1311 672 1352 ac
686 1303 764 1352 retro
778 1293 918 1369 sublapsa
932 1292 1031 1352 referri

403 1388 477 1464 Spes
493 1388 640 1459 Danaum,
656 1385 766 1444 fractae
780 1384 865 1457 vires,
882 1404 986 1444 aversa
999 1384 1074 1445 deae
1088 1403 1182 1446 mens.

404 1482 469 1540 Nec
484 1478 582 1539 dubiis
596 1498 633 1538 ea
646 1477 731 1553 signa
745 1477 829 1537 dedit
841 1476 978 1537 Tritonia
991 1478 1139 1538 monstris.

403 1573 462 1633 Vix
476 1574 607 1651 positum
620 1572 723 1632 castris
738 1571 946 1631 simulacrum:
967 1588 1064 1632 arsere
1078 1590 1220 1633 coruscae

405 1666 580 1727 Luminibus
593 1665 731 1724 flammae
745 1664 874 1739 arrectis,
891 1666 1046 1741 salsusque
1060 1684 1115 1742 per
1127 1676 1206 1726 artus

405 1760 500 1821 Sudor
514 1759 556 1833 iit,
572 1770 675 1835 terque
689 1758 756 1835 ipsa
769 1758 1027 1818 solo—mirabile
1042 1758 1173 1819 dictu-

407 1852 543 1926 Emicuit,
559 1870 753 1929 parmamque
767 1852 867 1911 serens
880 1852 1056 1928 hastamque
1071 1861 1255 1913 trementem.

408 1946 566 2024 Extemplo
581 1942 724 2005 tentanda
737 1944 806 2022 fuga
819 1944 901 2004 canit
915 1964 1044 2021 aequora
1059 1945 1194 2020 Calchas,

408 2042 469 2099 Nec
484 2057 576 2117 posse
591 2035 738 2115 Argolicis
752 2036 887 2098 exscindi
903 2040 1047 2115 Pergama
1062 2038 1136 2112 telis,

408 2132 517 2194 Omina
530 2130 562 2190 ni
579 2140 715 2208 repetant
730 2130 825 2207 Argis,
839 2149 1012 2207 numenque
1025 2131 1176 2205 reducant,

409 2226 499 2302 Quod
512 2225 619 2303 pelago
634 2234 664 2284 et
677 2223 774 2283 curvis
788 2243 891 2284 secum
905 2243 1029 2284 avexere
1041 2223 1157 2286 carinis

406 2320 442 2379 Et
456 2338 547 2392 nunc,
564 2317 646 2395 quod
659 2316 770 2398 patrias
783 2328 876 2378 vento
888 2318 1001 2394 petiere
1016 2319 1169 2395 Mycenas,

406 2415 500 2472 Arma
514 2412 649 2487 deosque
662 2421 767 2487 parant
780 2409 913 2485 comites,
929 2412 1097 2489 pelagoque
1110 2428 1248 2471 remenso

402 2503 567 2583 Improvisi
581 2504 713 2564 aderunt.
758 2505 806 2563 Ita
820 2502 925 2581 digerit
940 2504 1041 2564 omina
1055 2504 1191 2565 Calchas.

401 2600 497 2659 Hanc
512 2618 567 2677 pro
582 2596 717 2658 Palladio
730 2597 845 2671 moniti,
860 2616 916 2674 pro
931 2597 1052 2657 numine
1066 2597 1149 2659 laeso

398 2689 544 2770 Effigiem
559 2702 695 2766 statuere,
711 2692 795 2751 nefas
810 2710 888 2767 quae
902 2689 983 2751 triste
997 2690 1099 2768 piaret.
1164 2769 1166 2773 .

398 2787 497 2846 Hanc
513 2797 613 2846 tamen
627 2784 802 2844 immensam
818 2785 947 2845 Calchas
962 2786 1097 2846 attollere
1110 2783 1221 2847 molem

397 2879 579 2939 Roboribus
594 2877 682 2938 textis
696 2879 842 2954 coeloque
856 2878 983 2939 educere
995 2878 1091 2959 jussit,

400 2974 454 3033 Ne
468 2971 561 3050 recipi
575 2971 676 3049 portis,
692 2981 743 3030 aut
757 2970 825 3031 duci
839 2970 870 3029 in
884 2972 1005 3033 moenia
1018 2969 1122 3049 possit,

402 3068 475 3125 Neu
489 3067 634 3144 populum
648 3065 770 3141 antiqua
784 3065 839 3124 sub
853 3064 995 3143 religione
1007 3064 1091 3125 tueri.

402 3159 486 3219 Nam
502 3157 526 3218 si
540 3168 636 3218 vestra
650 3177 755 3217 manus
769 3156 908 3219 violasset
923 3159 1004 3219 dona
1017 3157 1181 3230 Minervae,

405 3253 482 3310 Tum
498 3270 638 3329 magnum
653 3250 915 3327 exitium—quod
929 3251 960 3311 di
974 3251 1054 3329 prius
1067 3268 1156 3310 omen
1171 3248 1201 3308 in
1215 3246 1313 3326 ipsum

408 3346 591 3405 Convertant
601 3348 608 3405 l
617 3343 775 3403 -Priami
789 3343 914 3422 imperio
929 3344 1155 3421 Phrygibusque
1168 3344 1318 3418 futurum

407 3436 456 3497 Sin
470 3436 608 3497 manibus
621 3436 725 3497 vestris
738 3447 866 3497 vestram
881 3438 1064 3497 ascendisset
1079 3435 1109 3495 in
1123 3437 1236 3511 urbem,
1351 3436 1353 3440 ’

408 3530 494 3590 Ultro
510 3529 614 3590 Asiam
628 3549 738 3609 magno
753 3532 885 3609 Pelopea
899 3530 938 3590 ad
951 3530 1071 3589 moenia
1083 3529 1166 3590 bello

408 3619 577 3698 Venturam,
594 3634 623 3684 et
637 3635 757 3685 nostros
772 3643 809 3684 ea
822 3625 882 3683 iata
896 3641 1016 3683 manere
1029 3632 1163 3701 nepotes.

445 3716 570 3777 Talibus
585 3716 698 3777 insidiis
713 3717 881 3795 perjurique
896 3727 958 3777 arte
972 3715 1091 3777 Sinonis

412 3810 528 3870 Credita
542 3829 597 3884 res,
613 3810 753 3887 captique
768 3810 844 3870 dolis
858 3809 1046 3886 lacrimisque
1060 3807 1180 3882 coactis,

413 3902 491 3976 Quos
504 3922 605 3980 neque
619 3904 761 3983 Tydides,
776 3922 833 3963 nec
849 3902 1020 3962 Larissaeus
1036 3901 1176 3976 Achilles,

414 3996 477 4056 Non
492 3995 564 4056 anni
578 3996 721 4057 domuere
734 3995 849 4070 decem,
863 4013 927 4057 non
941 3994 1021 4055 mille
1035 3994 1161 4055 carinae.
