3550 4859
744 583 906 638 munos
926 585 985 632 ursa
1008 587 1028 630 1.
1306 593 1375 652 „133

398 728 550 814 Mirantur
562 728 644 790 dona
657 730 788 804 Aeneae,
803 730 946 792 mirantur
960 734 1061 793 Iulum

398 824 632 901 Flagrantesque
645 821 696 882 dei
709 824 808 883 vultus
826 824 1024 902 simulataque
1037 827 1137 901 verba,
1339 855 1377 895 μα

399 917 575 992 Pallamque
590 926 620 986 et
633 914 747 992 pictum
761 934 869 977 croceo
882 919 1020 980 velamen
1033 920 1169 982 acantho.
1220 981 1224 987 .

401 1009 563 1087 Praecipue
578 1008 688 1083 infelix,
703 1008 780 1085 pesti
795 1010 905 1070 devota
918 1012 1040 1087 suturae,

402 1102 522 1180 Expleri
536 1112 667 1163 mentem
682 1102 786 1178 nequit
800 1102 985 1181 ardescitque
1000 1106 1112 1166 tuendo

401 1195 575 1271 Phoenissa,
589 1206 620 1256 et
633 1193 743 1273 pariter
755 1214 849 1272 puero
863 1196 1009 1274 donisque
1023 1209 1166 1260 movetur.

402 1290 459 1350 nte
473 1289 525 1350 ubi
539 1290 697 1367 complexu
710 1290 833 1348 Aeneae
847 1290 985 1367 colloque
1000 1292 1143 1369 pependit

404 1383 442 1443 Et
455 1401 597 1466 magnum
610 1379 677 1442 falsi
690 1381 824 1459 implevit
836 1382 979 1459 genitoris
993 1402 1133 1459 amorem,

404 1475 550 1553 Reginam
563 1475 646 1554 petit.
689 1478 779 1536 Haec
794 1474 897 1549 oculis,
911 1476 987 1537 haec
1000 1488 1122 1553 pectore
1136 1488 1201 1540 toto

404 1571 518 1630 Haeret
531 1581 561 1629 et
574 1568 723 1629 interdum
736 1568 850 1645 gremio
864 1569 953 1644 fovet,
969 1569 1062 1630 inscia
1076 1571 1167 1645 Dido,

394 1662 536 1741 ¹Insideat
551 1674 679 1740 quantus
693 1663 817 1730 miserae
832 1662 913 1723 deus
957 1665 1000 1723 At
1013 1682 1128 1723 memor
1140 1664 1190 1725 ille

405 1755 509 1816 Matris
522 1756 677 1826 Acidaliae
691 1756 834 1833 paulatim
849 1757 969 1817 abolere
983 1756 1149 1833 Sychaeum

405 1848 521 1927 Incipit,
538 1860 568 1909 et
581 1848 649 1909 vivo
663 1858 760 1909 tentat
774 1860 958 1926 praevertere
972 1868 1073 1910 amore

404 1944 469 2020 Jam
482 1942 598 2019 pridem
612 1941 723 2002 resides
739 1941 854 2002 animos
868 1944 1051 2019 desuetaque
1066 1944 1165 2003 corda.

436 2038 604 2113 Postquam
618 2036 714 2113 prima
728 2035 812 2113 quies
827 2036 930 2113 epulis,
946 2055 1126 2113 mensaeque
1140 2047 1279 2113 remotae,

406 2130 539 2190 Crateras
553 2148 677 2207 magnos
692 2139 824 2189 statuunt
839 2140 868 2189 et
881 2128 952 2190 vina
965 2140 1117 2189 coronant.

406 2222 449 2282 Fit
463 2222 603 2301 strepitus
618 2222 711 2302 tectis,
727 2222 892 2299 vocemque
906 2242 960 2300 per
973 2225 1073 2299 ampla
1086 2224 1221 2284 volutant

404 2314 503 2390 Atria;
524 2317 696 2392 dependent
710 2316 810 2393 lychni
825 2316 1014 2392 laquearibus
1029 2317 1123 2376 aureis

405 2408 530 2483 Incensi,
546 2419 577 2468 et
591 2420 710 2483 noctem
724 2408 851 2468 flammis
865 2408 978 2470 funalia
990 2408 1120 2470 vincunt

405 2502 462 2562 Hic
477 2501 579 2579 regina
591 2521 711 2579 gravem
723 2501 850 2581 gemmis
865 2522 997 2581 auroque
1011 2502 1150 2580 poposcit

405 2596 601 2673 Implevitque
615 2614 697 2656 mero
712 2607 853 2673 pateram,
869 2615 960 2674 qnam
974 2597 1063 2657 Belus
1076 2607 1107 2657 et
1121 2613 1225 2657 omnes

403 2691 430 2747 A
444 2689 518 2749 Belo
533 2689 630 2763 soliti;
650 2700 714 2749 tum
727 2690 806 2749 facta
820 2688 937 2750 silentia
947 2689 1051 2750 tectis:

402 2781 544 2859 anpiter,
559 2782 726 2859 hospitibus
739 2801 810 2841 nam
825 2793 854 2843 te
869 2783 941 2843 dare
953 2784 1019 2859 jura
1032 2783 1202 2859 loquuntur,
1279 2858 1281 2864 Ι

403 2876 495 2936 Hunc
509 2877 619 2935 laetum
633 2875 789 2955 Tyriisque
803 2875 884 2935 diem
899 2877 1049 2953 Trojaque
1063 2874 1202 2953 prosectis

404 2969 475 3028 Esse
490 2968 573 3043 velis,
589 2979 766 3044 nostrosque
780 2961 869 3045 hujus
884 2968 1054 3030 meminisse
1068 2969 1206 3030 minores

403 3060 489 3121 Adsit
503 3061 631 3122 laetitiae
646 3062 781 3121 Bacchus
796 3062 890 3135 dator,
906 3064 1030 3123 et'bona
1042 3065 1143 3140 Juno,

403 3156 440 3213 Et
453 3174 518 3228 vos,
529 3175 557 3231 o,
568 3164 696 3227 coetum,
711 3153 801 3231 Tyrii,
818 3155 965 3216 celebrate
980 3157 1119 3217 faventes
1205 3185 1207 3189 ’
1335 3183 1377 3224 aus

401 3247 493 3320 Dixit,
510 3259 539 3308 et
553 3247 584 3306 in
598 3266 732 3307 mensam
747 3246 869 3306 laticum
883 3247 987 3307 libauit
999 3249 1153 3322 honorem,

400 3339 567 3417 Primaque,
583 3340 685 3414 libato,
701 3358 819 3400 summo
832 3351 919 3402 tenus
933 3339 1029 3417 attigit
1043 3360 1113 3415 ore;

399 3435 479 3493 Tum
494 3432 588 3494 Bitiae
603 3433 686 3493 dedit
699 3432 900 3510 increpitans,
919 3433 968 3494 ille
982 3432 1106 3511 impiger
1118 3432 1216 3495 hausit

398 3529 594 3605 Spumantem
608 3536 750 3603 pateram,
766 3537 795 3586 et
809 3526 902 3603 pleno
915 3545 948 3590 se
961 3525 1069 3603 proluit
1086 3544 1176 3601 aur03
1319 3598 1320 3601 Ἴ

398 3622 474 3680 Post
488 3619 537 3679 alii
551 3639 697 3697 proceres.
741 3619 864 3681 Cithara
876 3618 998 3686 crinitus
1013 3622 1104 3697 Iopas
1339 3650 1378 3689 w

396 3715 545 3774 Personat
560 3723 668 3787 aurata,
684 3712 787 3773 docuit
800 3730 891 3789 quem
905 3711 1051 3773 maximus
1066 3713 1158 3773 Atlas

396 3806 463 3867 Hic
478 3806 559 3867 canit
572 3816 718 3866 errantem
732 3806 834 3865 lunam
848 3804 979 3881 solisque
991 3805 1109 3866 labores
1121 3826 1130 3880 3

395 3900 492 3961 Unde
506 3899 661 3971 hominum
674 3917 768 3975 genus
782 3907 813 3959 et
826 3898 976 3973 pecudes;
996 3898 1076 3959 unde
1090 3897 1185 3958 imber
1198 3908 1229 3959 et
1242 3896 1343 3975 ignem

393 3996 558 4054 Arcturum
571 3990 745 4071 pluviasque
760 3990 886 4069 Hyadas
894 3989 1094 4069 aestiuosque
1107 3989 1254 4065 'Prienen
1317 4029 1320 4034 -
