3550 4859
737 590 898 644 munos
914 592 1041 644 unte.
1324 580 1378 655 ¹⁸5

399 741 498 815 Atque
513 736 645 797 animum
661 757 741 799 nunc
754 738 813 799 huc
827 738 965 811 celerem,
980 756 1060 798 nunc
1074 735 1180 802 dividit
1194 735 1273 811 illuc,
1344 756 1380 805 ae

400 834 436 890 In
451 843 608 909 partesque
623 830 701 909 rapit¹
712 830 808 891 varies
821 849 933 908 perque
947 830 1048 890 omnia
1062 840 1166 892 uersat.

400 927 488 985 Haec
502 924 659 989 alternanti
673 923 773 1000 potior
786 922 1014 983 sententiavisa
1027 932 1091 983 est:

400 1019 561 1077 Mnesthea
577 1018 807 1095 Sergestumque
821 1016 1089 1093 vocationemque
1105 1016 1271 1098 Serestum,

400 1112 537 1174 Classem
551 1120 655 1187 aptent
669 1108 751 1169 taciti
765 1106 925 1185 sociosque
939 1109 978 1167 ad
992 1108 1079 1169 litora
1093 1118 1211 1185 cogant,

400 1207 494 1262 Arma
506 1213 620 1281 parent,
636 1213 676 1276 et,
689 1221 766 1279 quae
780 1201 869 1262 rebus
883 1201 925 1264 sit
937 1219 1042 1262 caussa
1056 1200 1212 1275 noumdn,

401 1298 617 1370 Dissimulent;
638 1314 704 1355 sese
718 1296 842 1366 interea,
856 1293 980 1371 quando
994 1294 1109 1371 optima
1123 1293 1205 1356 Dido

401 1389 524 1449 Nesciat
538 1400 567 1449 et
581 1399 682 1453 tantos
697 1387 794 1464 rumpi
809 1406 870 1447 non
884 1395 986 1463 speret
999 1404 1125 1460 amores,

399 1485 595 1542 Tentaturum
609 1482 717 1555 aditus,
732 1491 763 1546 et
777 1498 855 1557 quae
868 1478 1045 1540 mollissima
1057 1478 1140 1539 fandi

398 1577 558 1653 Tempora,
574 1575 641 1652 quis
655 1575 744 1635 rebus
758 1574 862 1634 dexter
874 1572 990 1631 modus
1034 1572 1129 1634 Ocius
1141 1590 1247 1639 omnes

399 1668 531 1745 Imperio
546 1668 615 1728 laeti
629 1676 735 1746 parent
749 1685 784 1728 ac
795 1670 879 1746 jussa
893 1665 1053 1728 facessunt

440 1763 481 1820 At
495 1761 598 1839 regina
612 1761 699 1821 dolos
709 1760 827 1837 -quis
841 1759 942 1825 fallere
955 1759 1052 1835 possit
1065 1760 1235 1821 amantem?
1244 1790 1286 1808 -ν

398 1854 579 1929 Praesensit,
594 1864 754 1931 motusque
768 1852 885 1930 excepit
900 1852 995 1929 prima
1008 1852 1131 1924 futuros

396 1947 509 2007 Omnia
522 1958 587 2008 tuta
600 1948 716 2008 timens
760 1947 875 2007 Eadem
889 1946 982 2023 impia
996 1947 1088 2006 Fama
1101 1945 1219 2008 furenti.

398 2041 515 2101 Detulit
524 2041 635 2101 armari
648 2042 775 2102 classem
789 2057 967 2115 cursumque
981 2038 1084 2117 parari.

398 2134 500 2194 Saevit
514 2134 602 2211 inops
616 2134 716 2207 animi,
733 2142 886 2209 totamque
900 2131 1024 2193 incensa
1036 2150 1090 2209 pet
1103 2130 1208 2194 urbem

399 2228 572 2302 Bacchatur,
588 2226 686 2305 qualis
699 2226 858 2292 commotis
872 2226 969 2286 excita
982 2224 1078 2288 sacris.
1127 2264 1129 2270 ·

398 2319 518 2399 Thyias,
533 2320 585 2381 ubi
599 2320 701 2382 andito
715 2318 866 2383 stimulant
880 2317 1028 2381 trieterica
1041 2317 1162 2381 Baccho

400 2412 493 2491 Orgia
506 2425 729 2491 nocturnusque
744 2422 831 2473 vocat
845 2412 975 2473 clamore
990 2409 1160 2474 Cithaeron.

399 2507 536 2568 Tandem
551 2506 599 2566 his
613 2509 739 2566 Aenean
753 2505 915 2583 compellat
928 2503 1053 2565 vocibus
1067 2504 1165 2565 ultro:

441 2599 635 2659 Dissimulare
650 2599 740 2660 etiam
754 2599 888 2677 sperasti,
903 2598 1026 2676 perfide,
1041 2607 1158 2664 tantum

304 2704 311 2713 “
399 2694 494 2753 Posse
509 2693 601 2767 nefas,
617 2693 785 2769 tacimsque
798 2711 868 2756 mea
881 2692 1029 2754 decedere
1043 2692 1140 2753 terra?

400 2789 467 2846 Nec
482 2797 511 2846 te
527 2797 630 2847 noster
642 2805 733 2860 amor,
748 2805 805 2846 nec
819 2796 849 2847 te
863 2786 935 2848 data
948 2785 1069 2850 dextera
1083 2782 1245 2861 quondam,

399 2883 466 2940 Nec
481 2878 621 2940 moritura
635 2889 718 2939 tenet
731 2878 846 2940 crudeli
859 2878 962 2941 funere
977 2877 1080 2940 Dido?
1154 2940 1157 2945 ,
1197 2922 1201 2929 ·

399 2973 480 3049 Quin
495 2974 583 3033 etiarn
598 2973 724 3032 hiberno
737 2971 851 3034 moliris
865 2971 1116 3044 ederedeseie

398 3070 439 3128 Et
451 3068 557 3127 mediis
571 3086 715 3145 properas
727 3065 919 3143 aquilonibus
932 3064 974 3126 ire
988 3083 1043 3142 per
1056 3064 1161 3137 altum,

399 3162 562 3222 Crudelis?
601 3160 706 3235 Quid?
726 3158 753 3218 si
767 3177 828 3219 non
842 3176 913 3219 arua
927 3157 1028 3221 aliena.
1038 3156 1205 3233 domosque

400 3257 524 3332 Ignoras
538 3263 665 3331 peteres,
680 3264 711 3313 et
724 3254 817 3329 Troja
830 3251 957 3327 antiqua
968 3260 1109 3324 maneret,

397 3348 489 3426 Troja
503 3365 557 3423 per
569 3347 720 3407 undosum
734 3355 885 3423 peteretur
898 3344 1044 3408 classibus
1058 3344 1193 3419 aequori.

398 3442 492 3501 Mene
507 3440 608 3518 sugis?
638 3441 696 3503 Per
709 3458 766 3519 ego
780 3440 835 3499 has
849 3438 984 3500 lacrimas
997 3437 1194 3512 dextramque
1205 3444 1287 3502 wem
1300 3444 1330 3500 ie
1338 3468 1381 3489 -v-

398 3535 530 3610 Quando
544 3533 625 3594 aliud
639 3532 713 3592 mihi
731 3534 793 3609 jam
806 3531 933 3593 miserae
946 3530 1022 3593 nihil
1034 3528 1101 3607 ipsa
1113 3528 1268 3607 reliqui*-
1341 3552 1381 3595 ³²⁵

398 3630 456 3687 Per
469 3625 621 3690 connubia
634 3635 744 3699 nostra,
759 3644 814 3703 per
826 3624 965 3701 inceptos
977 3624 1171 3701 hymenaeos,

397 3721 428 3781 Si
442 3721 521 3781 bene
536 3720 609 3797 quid
623 3720 662 3779 de
676 3728 706 3780 te
720 3717 823 3803 merui,
838 3717 894 3778 tuit
907 3725 958 3778 aut
972 3715 1027 3778 tibi
1040 3714 1206 3793 quidemn

399 3815 496 3874 Dulce
511 3833 620 3887 meum,
635 3813 774 3871 miserere
788 3811 896 3871 domus
910 3808 1041 3872 labentis
1053 3817 1087 3871 et
1098 3808 1196 3881 istam,

398 3908 471 3980 Oro,
487 3907 513 3966 si
528 3906 597 3984 quis
608 3906 708 3965 adhuc
720 3902 862 3983 precibus
874 3903 969 3975 locus,
983 3920 1059 3963 exue
1072 3911 1214 3965 mentem..

396 4001 444 4059 Te
458 4008 581 4079 propter
595 3996 725 4079 Libycae
737 4006 847 4078 gentes
859 3996 891 4072 N
891 3994 1097 4076 eundumque
1106 3989 1226 4074 tyram
1341 4015 1384 4061 ret
