3550 4859
723 593 1028 639 ¹litterarius-ram.
1174 572 1177 578 ’
1316 601 1371 644 aar

398 740 510 819 Effugit
525 745 594 800 ante'
608 736 685 799 alios
698 738 861 817 primisque
875 740 1002 801 elabitur
1013 739 1103 801 undis
1348 783 1351 788 «

397 836 530 894 Turbam
545 832 622 893 inter
635 832 842 909 fremitumque
856 835 957 911 Gyas3
978 852 1068 911 quem
1082 832 1193 895 deinde
1207 834 1374 897 Cloanthus

398 925 606 1004 Consequitur,
621 925 728 985 melior
740 925 837 1000 remis,
853 927 908 985 sed
922 927 1055 1003 pondere
1069 926 1158 1004 pinus

397 1022 499 1080 Tarda
514 1029 602 1079 tenet
648 1020 720 1077 Post
734 1019 791 1078 hos
805 1037 904 1095 aequo
918 1019 1087 1080 discrimine
1102 1019 1204 1081 Pristis

397 1115 624 1189 Centaurusque
639 1112 739 1170 locum
753 1112 881 1171 tendunt
895 1131 1032 1189 superare
1046 1111 1193 1189 priorem3
1339 1141 1375 1180 us

399 1209 437 1267 Et
451 1225 531 1266 nunc
546 1204 650 1265 Pristis
664 1204 764 1277 habet,
780 1223 861 1264 nunc
874 1204 982 1264 victam
997 1204 1136 1281 praeterit
1149 1205 1254 1282 ingens

398 1300 574 1373 Centaurus,
589 1316 669 1357 nunc
682 1316 743 1357 una
757 1298 863 1357 ambae
874 1297 1045 1377 junctisque
1058 1298 1191 1358 feruntur
1261 1371 1263 1375 ,

398 1392 558 1452 Frontibus
571 1401 603 1451 et
615 1392 705 1467 longa
719 1391 835 1449 sulcant
848 1390 926 1449 vada
939 1390 1017 1449 salsa
1030 1390 1138 1451 carina

397 1486 525 1562 Jamque
539 1484 780 1561 propinquabant
794 1482 920 1559 scopulo
933 1493 1103 1560 metamque
1116 1485 1269 1559 tenebant,

398 1578 499 1653 Quum
513 1577 651 1654 princeps
665 1576 825 1652 medioque
840 1578 921 1653 Gyas
935 1575 966 1634 in
979 1576 1092 1653 gurgite
1106 1575 1200 1637 victor

399 1671 559 1730 Rectorem
574 1668 658 1729 navis
672 1670 833 1746 compellat
846 1687 922 1729 voce
937 1671 1100 1729 Menoeten
1114 1691 1120 1729 :

399 1764 468 1838 Quo
482 1773 597 1823 tantum
611 1762 683 1821 milri
698 1763 802 1823 dexter
814 1762 899 1822 abis?
920 1763 979 1821 huc
993 1761 1085 1839 dirige
1098 1781 1252 1841 gressum3

398 1854 482 1915 Litus
496 1866 619 1930 ama-et
632 1856 732 1915 laevas
746 1856 870 1933 stringat
883 1856 947 1934 sine
961 1856 1093 1932 palmula
1106 1867 1228 1931 cautes3

398 1948 503 2009 Altum
517 1947 567 2008 alii
581 1959 709 2009 teneant.
753 1948 855 2023 Dixit;
875 1949 930 2008 sed
945 1967 1035 2009 caeca
1050 1951 1210 2011 Menoetes

397 2043 474 2103 Saxa
487 2043 595 2101 timens
609 2060 726 2119 proram
739 2041 837 2119 pelagi
851 2042 1009 2119 detorquet
1023 2043 1061 2102 ad
1076 2043 1180 2102 undas.

397 2136 468 2211 Quo
482 2134 614 2195 diversus
628 2135 713 2195 abis?
734 2136 847 2209 iterum,
864 2138 938 2195 Pete
952 2154 1031 2209 saxa,
1047 2137 1190 2196 Menoete
1203 2140 1209 2195 l

398 2229 475 2288 Cum
490 2229 618 2288 clamore
634 2230 715 2305 Gyas
728 2230 907 2305 revocabat,
928 2240 958 2289 et
972 2248 1043 2289 ecce
1058 2229 1240 2289 Cloanthum

397 2319 533 2399 Respicit
547 2319 706 2381 instantem
721 2331 812 2400 tergo,
827 2332 858 2382 et
871 2322 1010 2399 propiora
1023 2331 1184 2382 tenentem.

398 2416 453 2475 Ille
467 2413 544 2474 inter
557 2422 724 2491 navemque
738 2417 823 2493 Gyae
837 2416 1036 2492 scopulosque
1050 2424 1193 2475 sonantes
1264 2461 1267 2466 .

398 2506 491 2568 Radit
504 2508 560 2568 iter
573 2509 690 2569 laevum
704 2507 833 2582 interior,
850 2508 1009 2584 subitoque
1023 2507 1152 2585 priorem

398 2600 541 2660 Praeterit
555 2610 586 2659 et
598 2602 687 2660 metis
701 2611 783 2661 tenet
796 2620 926 2677 aequora
940 2610 1004 2661 tuta
1017 2600 1135 2661 relictis
1174 2594 1177 2600 ’

397 2695 476 2753 Tum
489 2712 560 2753 vero
574 2693 681 2753 exarsit
693 2694 795 2770 juveni
809 2694 896 2755 dolor
909 2694 1026 2755 ossibus
1040 2694 1152 2771 ingens,
1205 2751 1211 2767 ,

399 2788 464 2847 Nec
478 2786 738 2848 lacrimiscaruere
751 2798 854 2864 genae,
870 2800 1052 2866 segnemque
1067 2790 1242 2862 Menoeten,

400 2879 517 2941 Oblitus
531 2878 707 2956 decorisque
721 2879 766 2939 sui
781 2879 956 2957 sociumque
970 2880 1081 2954 salutis,
1123 2880 1125 2883 ’

400 2973 435 3030 In
449 2991 530 3031 mare
544 2971 735 3049 praecipitem
749 2972 843 3049 puppi
857 2974 996 3033 deturbat
1009 2976 1048 3033 ab
1062 2975 1142 3049 alta3

400 3067 469 3142 Ipse
483 3066 665 3142 gubernaclo
679 3076 778 3125 rector
791 3065 878 3139 subit,
894 3065 958 3142 ipse
972 3066 1119 3143 magister,

400 3160 603 3234 Hortaturque
617 3157 704 3232 viros,
719 3159 897 3235 clavumque
910 3159 949 3218 ad
963 3158 1050 3219 litora
1063 3169 1190 3236 torquet.

400 3254 438 3312 At
451 3249 556 3328 gravis,
571 3251 712 3311 ut'fundo
725 3250 775 3311 vix
789 3250 911 3311 tandem
924 3251 1058 3311 redditus
1071 3252 1133 3312 imo
1146 3262 1201 3326 est,

398 3345 463 3420 Jam
479 3344 580 3403 senior
592 3343 772 3420 madidaque
787 3344 882 3403 fluens
897 3343 927 3402 in
941 3355 1027 3404 veste
1040 3346 1200 3406 Menoetes

399 3438 519 3497 Summa
532 3435 607 3513 petit
621 3436 736 3513 scopuli
750 3436 889 3513 siccaque
903 3437 934 3495 in
948 3456 1022 3514 rupe
1035 3438 1154 3497 resedit

399 3530 486 3588 Illum
501 3539 532 3589 et
545 3530 697 3589 labentem
712 3529 821 3589 Teucri
834 3540 866 3589 et
878 3528 968 3590 risere
981 3540 1144 3605 natantem,

399 3623 436 3681 Et
450 3623 545 3681 salsos
558 3621 656 3682 rident
670 3633 874 3683 revomentem
888 3633 1011 3699 pectore
1022 3624 1137 3683 fluctus

399 3714 458 3774 Hic
473 3716 552 3775 laeta
566 3715 705 3776 extremis
719 3734 787 3792 spes
802 3724 847 3775 est
862 3733 991 3775 accensa
1003 3716 1131 3789 duobus,

387 3811 533 3885 ¹Sergesto
548 3807 767 3885 Mnestheique,
783 3809 870 3884 Gyan
885 3826 1023 3884 superare
1037 3818 1210 3871 morantem

399 3902 549 3978 Sergestus
562 3900 643 3978 capit
656 3912 726 3961 ante
739 3902 839 3961 locum
854 3902 1038 3977 scopuloque
1052 3901 1240 3981 propinquat,
1325 3939 1328 3948 ι

400 3996 463 4055 Nec
478 4003 543 4054 tota
556 4004 655 4055 tamen
671 3994 721 4056 ille
733 3993 815 4073 prior
827 4004 989 4072 praesume
1000 3994 1122 4069 carina5
