3550 4859
680 605 841 660 wOOLlCA.
863 613 930 660 nel..
948 615 968 660 l.

337 764 410 823 Non
424 760 540 823 insueta
552 777 658 839 graves
671 759 1049 840 tentabuntpabulaietas,
1293 787 1320 831 ρ

337 857 405 914 Nec
419 855 497 913 mala
510 853 600 913 vicini
613 853 731 931 pecoris
744 853 883 933 contagia
896 853 1024 915 laedent
1260 871 1263 876 ·
1295 883 1299 890 ·

336 950 499 1010 Fortrmate
514 966 613 1021 senex,
628 947 686 1021 hic,
702 946 778 1007 inter
791 947 915 1007 flumina
928 959 1000 1009 nota

337 1042 377 1102 Et
390 1041 490 1101 sontes
503 1058 613 1116 meros,
628 1039 718 1118 frigus
732 1039 867 1117 captabis
882 1044 1027 1118 opacum!

337 1134 422 1194 Hinc
436 1132 499 1208 tibi,
515 1152 591 1210 quae
606 1152 731 1212 semper,
746 1132 846 1194 vicino
860 1135 900 1196 ab
914 1132 1014 1208 limite,
1031 1151 1136 1212 saepes

337 1226 486 1304 Hyblaeis
499 1225 605 1302 apibus
618 1226 723 1286 florem
737 1226 864 1303 depasta
877 1225 981 1301 salicti,
1293 1255 1318 1295 ,ς

337 1320 435 1397 Saepe
443 1318 501 1379 levi
515 1337 652 1379 somnum
666 1318 804 1380 suadebit
816 1318 890 1380 inire
904 1336 1042 1394 ausuum

336 1413 423 1472 Hinc
437 1413 497 1472 alta
510 1412 565 1472 sub
579 1430 651 1489 rupe
664 1421 753 1472 canet
766 1412 920 1472 frondator
933 1412 970 1472 ad
986 1431 1069 1472 auras
1079 1434 1089 1488 3

335 1506 405 1565 Nec
419 1516 518 1565 tamen
532 1501 645 1564 interea
657 1521 772 1578 raucae,
788 1514 840 1565 tua
852 1521 931 1579 ema,
946 1505 1109 1582 palmnbes,

335 1600 405 1659 Nec
418 1616 534 1676 gemere
548 1597 628 1658 aeria
640 1596 770 1658 cessabit
783 1607 876 1659 turtur
888 1598 928 1659 ab
939 1599 1028 1658 ulmo.

766 1719 892 1759 umus

334 1788 419 1847 Ante
433 1787 514 1847 leves
528 1803 599 1864 ergo
612 1796 772 1864 pascentur
783 1786 815 1846 in
829 1786 948 1847 aethere
962 1786 1049 1863 cervi,

334 1881 377 1940 Et
390 1880 465 1940 freta
479 1878 639 1940 destituent
652 1880 750 1939 nudos
762 1878 795 1938 in
808 1880 895 1941 litore
908 1878 1014 1957 pisces,

334 1973 428 2047 Ante,
442 1972 597 2051 pererratis
611 1972 767 2032 amborum
779 1971 897 2047 linibus,
913 1974 997 2033 exsul

335 2067 401 2126 Aut
414 2064 529 2125 Ararim
543 2064 668 2125 Parthus
681 2062 774 2139 bibet,
789 2076 841 2125 aut
854 2066 1018 2127 &mania
1029 2065 1152 2145 Tigrim,

334 2159 438 2234 Quam
451 2167 553 2219 nostro
563 2156 641 2218 illius
654 2157 769 2219 labatur
781 2168 903 2236 pectore
915 2160 1021 2220 vidais

743 2281 909 2321 unisonus

335 2352 380 2410 At
394 2368 450 2410 nos
463 2348 533 2409 hinc
548 2348 596 2409 alii
610 2347 743 2410 sitientes
756 2348 865 2409 ibimus
879 2348 978 2423 Ainos,

335 2445 412 2504 Pars
425 2441 574 2521 Scythiam
587 2452 618 2503 et
631 2441 767 2518 rapidum
781 2444 889 2504 Cretae
903 2443 1057 2504 veniemus
1071 2442 1186 2518 Oaxen,

337 2539 379 2598 Et
393 2535 510 2616 penitus
524 2546 589 2597 toto
602 2536 714 2597 divisos
727 2538 800 2597 orbe
812 2535 981 2606 Britannus

337 2632 387 2692 En
401 2649 541 2707 umquam
554 2628 665 2708 patrios
678 2629 769 2707 longo
782 2639 852 2707 post
865 2638 1000 2707 tempore
1013 2630 1097 2703 fines,

337 2722 481 2801 Pauperis
494 2732 526 2783 et
539 2721 634 2800 marri
647 2732 822 2800 congestum
835 2722 967 2800 caespite
980 2721 1108 2795 eumen,

338 2820 414 2878 Post
427 2815 548 2893 aliquot,
563 2834 629 2876 mea
642 2834 734 2895 regna
746 2815 860 2890 videus,
875 2814 1005 2890 mirabor
1017 2814 1142 2875 aristas?

271 2911 275 2921 '
338 2910 455 2988 Impius
468 2909 544 2969 haec
556 2918 618 2970 tam
631 2910 711 2970 culta
723 2909 844 2969 novalis
856 2908 942 2969 miles
956 2907 1099 2968 babebit?

338 3004 485 3064 Barbarum
498 3003 553 3063 has
567 3004 702 3081 segetes?
743 3005 798 3077 En,
814 3020 876 3079 quo
889 2999 1039 3062 discordia
1051 3000 1133 3060 cives

338 3094 483 3157 Produxit
496 3096 636 3157 miseros!
658 3115 705 3169 en,
720 3096 787 3173 quis
801 3093 989 3156 consevimus
1003 3097 1106 3171 agros!

338 3192 443 3251 Insere
457 3205 545 3263 nunc,
562 3189 722 3263 Meliboee,
737 3189 827 3266 piros,
842 3202 923 3266 pone
936 3185 1041 3247 ordine
1055 3186 1138 3247 vites.

337 3287 387 3344 Ite
402 3302 495 3358 meae,
509 3282 580 3343 felix
593 3282 745 3360 quondam
758 3299 860 3359 pecus,
876 3280 917 3342 ite
930 3281 1072 3357 capellae

337 3380 413 3438 Non
426 3394 483 3454 ego
496 3396 551 3437 vos
564 3376 697 3453 posthac,
712 3373 798 3436 viridi
812 3375 961 3455 proiectus
975 3373 1007 3433 in
1020 3384 1115 3448 anno,

336 3472 476 3532 Dumosa
488 3470 620 3547 pendere
633 3470 737 3547 procul
751 3469 789 3529 de
803 3487 876 3546 rupe
889 3467 1020 3541 videb03

336 3561 482 3626 Carmina
494 3564 576 3623 nulla
588 3582 694 3622 canam
704 3585 714 3637 3
733 3579 805 3635 non,
818 3579 867 3621 me
880 3571 1031 3639 pascente,
1047 3559 1189 3638 capellae,

336 3657 511 3718 Florentem
525 3654 650 3735 cytisimr
663 3666 694 3716 et
708 3655 813 3715 salices
827 3652 955 3750 carpetis
967 3669 1088 3713 maras

766 3777 893 3815 umus,

336 3845 404 3906 Hic
418 3856 517 3906 tamen
532 3846 610 3905 hanc
623 3862 741 3905 mecum
754 3853 874 3921 poteras
888 3839 1074 3919 requiescere
1085 3850 1216 3911 noctem,
1290 3859 1318 3901 s·

305 3969 309 3976 ·
334 3939 462 4000 Fronde
476 3956 565 4015 super
577 3937 681 3997 viridi:
701 3945 770 3997 sunt
784 3935 872 3996 nobis
885 3933 969 3995 mitia
981 3949 1080 4013 poma,

335 4033 510 4096 Castaneas
523 4030 637 4106 molles,
651 4039 683 4091 et
694 4027 788 4107 pressi
801 4027 892 4106 oopis
903 4025 989 4090 laetis
998 4049 1009 4105 ς
