3550 4859
755 562 913 606 nnumoos
934 563 993 606 irs.
1013 563 1044 606 11.
1331 565 1385 627 145

395 706 612 785 ·Improvisum
626 726 720 784 aspris
734 706 825 768 veluti
839 706 891 785 qui
905 707 1038 769 sentibus
1053 726 1180 786 anguem

415 801 522 862 Pressit
536 799 619 861 humi
633 799 739 875 nitens,
755 800 946 879 trepidusque
961 812 1082 879 repente
1096 799 1201 879 refugit
1351 823 1389 870 ,κο

415 896 610 956 Attollentem
624 893 681 954 iras
696 905 726 954 et
739 895 857 955 caerula
870 896 949 958 colla
963 905 1125 956 tumentem
1136 918 1146 971 ;

415 989 506 1049 Haud
522 1008 607 1049 secus
622 989 799 1065 Androgeos
813 987 878 1048 visu
892 990 1079 1049 tremefactus
1094 987 1203 1050 abibat

413 1081 562 1156 Irruimus,
578 1081 678 1144 densis
692 1093 722 1142 et
736 1081 996 1142 circumfundimur
1010 1082 1105 1157 armis,

413 1176 596 1253 Ignarosque
609 1174 668 1236 loci
683 1176 794 1253 passim
809 1185 840 1235 et
853 1174 1010 1236 formidine
1025 1184 1129 1252 captos

414 1268 584 1328 Sternimus.
627 1268 770 1346 Adspirat
783 1267 879 1345 primo
894 1268 1011 1330 fortuna
1025 1268 1126 1328 labori.

413 1362 511 1437 Atque
525 1361 574 1421 hic
589 1381 728 1422 successu
742 1362 893 1421 exsultans
907 1360 1072 1437 animisque
1088 1363 1251 1438 Coroebus,

413 1454 440 1515 Ο
455 1454 536 1529 socii,
552 1474 612 1531 qua
625 1456 727 1532 prima,
744 1452 847 1530 inquit,
863 1454 982 1513 fortuna
996 1453 1096 1514 salutis

413 1548 562 1608 Monstrat
576 1547 638 1622 iter,
654 1566 772 1623 quaque
786 1546 917 1607 ostendit
931 1566 962 1607 se
978 1546 1088 1621 dextra,
1105 1567 1279 1626 sequamur:

413 1641 564 1700 Mutemus
577 1639 699 1717 clipeos,
716 1642 913 1716 Danaumque
928 1639 1055 1721 insignia
1068 1641 1155 1700 nobis

413 1735 564 1810 Aptemus.
607 1734 703 1793 Dolus
717 1753 754 1793 an
769 1732 869 1807 virtus,
886 1734 953 1810 quis
967 1733 997 1792 in
1012 1733 1098 1794 hoste
1112 1733 1259 1811 requirat?

414 1828 502 1885 Anna
515 1827 630 1886 dabunt
643 1826 706 1903 ipsi
751 1825 801 1888 Sic
814 1828 900 1900 fatus,
916 1825 1026 1887 deinde
1040 1839 1209 1887 comantem

414 1918 562 1996 Androgei
575 1920 690 1996 galeam
704 1918 851 1997 clipeique
864 1919 979 1998 insigne
994 1921 1134 1980 decomm

414 2011 554 2085 induitur,
570 2012 712 2088 laterique
726 2014 867 2090 Argivum
880 2014 1089 2074 accommodat
1104 2033 1213 2075 ensem.
1228 2032 1230 2035 ⁴

414 2106 480 2164 Hoc
497 2103 641 2181 Rhipeus,
657 2106 715 2165 hoc
730 2106 794 2182 ipse
809 2107 922 2184 Dymas
936 2107 1093 2184 omnisque
1105 2108 1246 2186 juventus

412 2198 501 2257 laeta
514 2198 605 2273 facit3
625 2198 726 2275 spoliis
741 2218 773 2258 se
787 2199 912 2277 quisque
926 2200 1094 2261 recentibus
1109 2212 1210 2262 armat

411 2290 553 2351 Vadimus
568 2290 694 2350 immixti
709 2292 822 2351 Danais
836 2293 916 2353 haud
930 2294 1051 2353 numine
1065 2305 1176 2368 nostru,

408 2384 565 2461 Multaque
579 2404 632 2461 per
645 2404 765 2444 caecam
780 2386 929 2463 congressi
943 2387 1056 2464 proelia
1071 2398 1191 2447 noctem

407 2476 608 2551 Conserimus,
623 2479 734 2538 multos
749 2480 888 2537 Danaum
903 2479 1085 2541 demittimus
1100 2482 1186 2542 Orco.

403 2568 574 2648 Diffugiunt
587 2570 638 2629 alii
651 2571 689 2630 ad
704 2590 804 2646 naveS,
820 2583 850 2632 et
863 2572 950 2633 litora
963 2593 1049 2633 cursu

401 2662 483 2723 Fida
496 2673 621 2741 petunt:
641 2684 708 2741 pars
722 2663 872 2741 ingentem
887 2665 1043 2725 formidine
1058 2666 1136 2743 turpi

399 2758 560 2818 Scanduut
573 2777 670 2817 rursus
684 2778 795 2835 equum
809 2769 839 2818 et
852 2769 926 2818 nota
938 2760 1106 2819 conduntur
1119 2759 1150 2818 in
1165 2760 1239 2821 alvo.

445 2852 519 2911 Heu
533 2850 606 2910 nihil
621 2850 719 2911 invitis
734 2853 777 2911 sas
792 2854 974 2928 quemquam'
986 2852 1077 2912 fidere
1091 2851 1184 2912 divisi

403 2944 486 3003 Ecce
501 2945 670 3005 trahebatur
683 2944 780 3021 passis
795 2944 940 3004 Priameia
954 2943 1035 3022 virgo

405 3035 547 3096 Crinibus
562 3056 582 3096 a
594 3038 706 3114 templo
722 3037 890 3098 Cassandra
903 3037 1057 3117 adytisque
1073 3038 1235 3113 Minervae,

408 3130 456 3189 Ad
470 3131 588 3190 coelum
603 3131 729 3191 tendens
743 3129 876 3191 ardentia
890 3131 1004 3190 lumina
1017 3131 1129 3205 frustra,

408 3222 542 3296 Lumina,
558 3243 628 3282 nam
642 3233 759 3283 teneras
774 3224 916 3285 arcebant
929 3224 1048 3284 vincula
1061 3227 1182 3301 palmas.

410 3316 475 3375 Non
491 3315 559 3376 tulit
572 3317 650 3377 hanc
665 3317 794 3394 speciem
809 3316 915 3377 furiata
927 3327 1029 3378 mente
1043 3320 1206 3393 Coroebus,

412 3410 445 3467 Et
458 3428 526 3469 sese
541 3409 672 3470 medium
687 3408 787 3489 injecit
801 3410 946 3486 periturus
960 3410 991 3469 in
1006 3430 1120 3490 agmen.

412 3501 626 3579 Consequimur
639 3502 739 3562 cuncti
753 3513 782 3563 et
797 3502 897 3563 densis
911 3502 1085 3565 incurrimus
1100 3504 1196 3565 armis.

413 3593 467 3653 Hic
481 3593 609 3671 primum
624 3597 735 3655 exalto
750 3596 865 3656 delubri
879 3596 1008 3657 culmine
1022 3597 1088 3657 telis

412 3688 582 3747 Nostrorum
597 3689 756 3764 obruimur,
771 3689 922 3767 oriturque
937 3690 1101 3751 miserrima
1114 3691 1222 3754 caedes

411 3783 564 3840 Armorum
578 3781 652 3841 facie
667 3793 697 3842 et
712 3783 866 3843 Graiarum
880 3804 976 3845 errore
992 3786 1138 3861 jubarum.

408 3875 483 3933 Tum
498 3873 597 3933 Danai
610 3876 722 3952 gemitu
736 3886 825 3953 atque
839 3888 958 3954 ereptae
972 3877 1091 3956 virginis
1105 3877 1148 3939 im

404 3966 548 4044 Undique
563 3968 681 4031 collecti
695 3970 846 4044 invadunt,
862 3969 1020 4031 acerrimus
1035 3972 1121 4052 Ajaa

605 4072 631 4103 ω
1105 4092 1109 4099 .
