3550 4859
447 544 502 601 1⁶8
758 559 783 602 Ρ.
804 557 938 603 vrnoun
959 558 1103 603 unnours

443 706 519 766 Fata
531 703 610 765 viam
624 702 776 766 invenient
790 704 945 780 aderitque.
955 714 1078 764 vocatus
1093 703 1213 781 Apollo.
1253 761 1255 766 ,

444 800 512 859 Has
527 809 624 858 autem
640 809 738 872 terras,
755 798 883 873 Italique
897 798 975 858 hanc
988 796 1082 857 litoris
1095 815 1187 871 oram,

444 892 582 951 Proxima
596 890 777 969 quae'nostri
792 890 976 969 perfunditur
990 889 1127 968 aequoris
1141 900 1234 964 aestu,

444 986 567 1063 Effuge3
587 996 695 1045 cuncta
708 984 794 1044 malis
808 985 979 1044 habitantur
992 984 1113 1044 moenia
1126 981 1232 1045 Graiis

444 1077 506 1138 Hic
521 1090 550 1138 et
565 1077 686 1155 Narycii
700 1088 863 1155 posuerunt
875 1076 996 1138 moenia
1010 1075 1107 1151 Locn',

443 1174 483 1231 Et
498 1170 677 1232 Sallentinos
692 1170 810 1231 obsedit
823 1169 916 1230 milite
931 1188 1054 1247 campos

443 1263 564 1343 Lyctius
578 1265 779 1338 Idomeneus3
799 1264 848 1323 hic
862 1262 913 1324 illa
926 1263 1011 1323 ducis
1027 1261 1172 1324 Meliboei

445 1360 541 1418 Parva
555 1357 738 1417 Philoctetae
752 1357 877 1418 subnixa
892 1355 1006 1416 Petelia
1019 1375 1111 1416 muro.

442 1451 535 1533 Quin,
551 1450 603 1512 ubi
617 1450 804 1511 transmissae
819 1449 953 1510 steterint
967 1461 1048 1509 trans
1063 1467 1193 1526 aequora
1206 1448 1317 1510 classa

444 1546 483 1604 Et
497 1543 601 1621 positis
616 1543 672 1604 aris
684 1546 746 1620 jam
760 1554 832 1603 vota
844 1543 875 1601 in
890 1542 976 1603 litore
990 1543 1096 1616 solves,

445 1640 597 1715 Purpureo
611 1638 708 1697 velare
722 1655 825 1696 comas
838 1637 998 1714 adopertus
1012 1635 1131 1709 amictu,

443 1732 491 1791 Ne
507 1730 656 1808 quainter
670 1740 789 1790 sanctos
803 1729 885 1806 ignes
900 1728 931 1787 in
946 1729 1059 1788 honore
1074 1729 1199 1789 deorum

444 1823 573 1884 Hostilis
587 1823 678 1883 facies
692 1833 826 1883 occurrat
840 1833 870 1882 et
885 1820 986 1881 omina
1000 1823 1106 1882 turbet

443 1919 536 1976 Hunc
551 1916 624 1976 socii
638 1935 752 1976 morem
766 1933 924 1989 sacrorum,
940 1916 1020 1974 hunc
1033 1914 1098 1992 ipse
1113 1924 1238 1990 tenet03

443 2012 513 2070 Hac
528 2009 601 2070 casti
615 2019 756 2069 maneant
769 2008 800 2067 in
814 2008 957 2085 religione
971 2018 1105 2085 nepotes

443 2106 502 2164 Ast
516 2102 567 2164 ubi
581 2102 743 2180 digressum
758 2101 874 2162 Siculae
889 2112 918 2162 te
934 2101 1097 2161 admoverit
1112 2120 1191 2177 orae,

441 2198 559 2257 Ventus
573 2207 603 2257 et
617 2194 733 2273 angusti
747 2203 896 2255 rarescent
909 2193 1038 2254 claustra
1052 2194 1160 2268 Pelori,

371 2316 373 2320 ·
442 2292 543 2358 Laeva
558 2290 611 2351 tibi
626 2291 712 2350 tellus
726 2300 756 2349 et
770 2290 861 2365 longo
875 2289 960 2347 laeva
973 2297 1112 2365 petantur

444 2385 585 2461 Aequora
599 2381 741 2456 circuitu3
761 2382 898 2441 dextrum
912 2382 980 2458 fuge
995 2380 1064 2442 litus
1077 2392 1107 2441 et
1121 2380 1226 2441 undas.

444 2477 531 2536 Haec
546 2477 613 2537 loca
626 2476 655 2537 vi
670 2474 822 2552 quondam
837 2484 867 2535 et
880 2485 966 2534 vasta
979 2475 1123 2534 convulsa
1137 2474 1270 2534 ruina-

442 2570 574 2629 Tantum
588 2569 654 2629 aevi
667 2565 831 2645 longinqua
843 2568 923 2627 valet
936 2577 1050 2626 mutare
1064 2578 1194 2628 vetustas
1202 2601 1245 2614 -

443 2660 615 2728 Dissiluisse
630 2664 735 2735 serunt,
750 2680 842 2737 quum
856 2659 992 2738 protinus
1005 2671 1129 2737 utraque
1143 2662 1232 2721 tellus

443 2756 515 2814 Una
529 2755 624 2829 foret;
640 2754 722 2815 venit
736 2754 836 2815 medio
850 2754 880 2813 vi
894 2764 1005 2831 pontus
1019 2763 1049 2813 et
1062 2753 1151 2814 undis

444 2847 624 2924 Hesperium
640 2847 740 2908 Siculo
754 2848 830 2907 latus
845 2846 979 2920 abscidit,
996 2865 1125 2923 arvaque
1139 2858 1169 2907 et
1182 2848 1271 2908 urbes

336 3020 340 3027 ι
443 2940 545 3000 Litore
560 2940 696 3000 diductas
711 2950 838 3017 angusto
851 2939 982 3000 interluit
996 2951 1087 3000 aestu.

444 3036 589 3093 Dextrum
604 3035 701 3112 Scylla
715 3036 800 3108 latus,
816 3035 933 3094 laevum
948 3032 1107 3110 implacata
1122 3032 1289 3113 Charybdis

443 3126 581 3200 Obsidet,
597 3139 686 3204 atque
701 3126 762 3187 imo
775 3126 906 3188 barathri
920 3137 965 3187 ter
977 3126 1090 3204 gurgite
1103 3137 1204 3187 vastos

443 3221 550 3279 Sorbet
564 3219 594 3278 in
610 3221 768 3297 abruptum
781 3220 896 3295 fluctus,
912 3239 1070 3297 rursusque
1084 3221 1139 3281 sub
1154 3239 1239 3282 auras

444 3312 537 3390 Erigit
551 3314 680 3373 alternos
695 3324 724 3374 et
739 3312 836 3374 sidera
848 3314 984 3374 verberat
997 3314 1087 3374 unda.

443 3410 485 3465 At
500 3407 626 3483 Scyllam
641 3406 738 3467 caecis
752 3406 873 3467 cohibet
888 3408 1033 3484 spelunca
1047 3407 1175 3481 latebris,

444 3500 507 3560 Ora
520 3510 716 3560 exsertantem
730 3509 761 3559 et
774 3519 865 3560 naves
879 3499 911 3558 in
925 3519 997 3559 saxa
1009 3501 1183 3562 trahentem

444 3592 544 3651 Prima
558 3592 687 3652 hominis
701 3592 792 3653 sacies
806 3607 836 3652 et
851 3593 976 3670 pulchro
989 3604 1110 3669 pectore
1125 3593 1208 3672 virgo

446 3687 530 3745 Pube
544 3696 639 3759 tenus,
655 3698 805 3762 postrema
819 3685 940 3745 immani
955 3704 1079 3762 corpore
1093 3686 1201 3764 pristis,

446 3778 629 3855 Delphinum
644 3779 754 3838 caudas
768 3789 854 3838 utero
867 3777 1028 3838 commissa
1040 3779 1187 3857 luporum.

447 3873 579 3931 Praestat
593 3870 737 3930 Trinacrii
751 3881 846 3931 metas
859 3872 981 3932 lustrare
996 3873 1129 3950 Pachyni

447 3965 633 4039 Cessantem,
649 3965 755 4042 longos
769 3973 800 4024 et
813 3963 1044 4025 circumflectere
1058 3983 1169 4041 cursus,
1387 3995 1427 4035 ῳ
