3550 4859
401 538 456 613 148
712 553 737 594 P.
757 552 889 594 VIRGlLll
912 550 1054 593 MARONIS

397 697 549 770 Miscetur,
564 694 740 773 penitusque
754 716 844 758 cavae
858 696 1048 774 plangoribus
1063 693 1154 756 aedes

397 790 545 853 Femineis
560 790 692 863 ululant;
711 787 777 850 ierit
791 777 880 851 aurea
893 789 990 850 sidera
1003 789 1123 848 clamor.

397 886 475 944 Tum
489 881 614 960 pavidae
628 881 714 942 tectis
728 893 836 944 matres
850 882 1018 962 ingentibus
1033 891 1138 956 errant,
1248 935 1251 939 ,

397 977 621 1054 Amplexaeque
636 984 739 1035 teuent
751 986 853 1051 postes
867 986 958 1054 atque
972 976 1075 1036 oscula
1087 976 1189 1052 figunt.
1335 1002 1377 1042 oo

398 1072 494 1130 Instat
507 1069 536 1128 vi
551 1067 645 1144 patria
659 1068 807 1145 Pyrrhus3¹
826 1088 882 1129 nec
896 1070 1031 1143 claustra,
1046 1087 1144 1147 neque
1158 1066 1215 1147 ipsi
1324 1075 1327 1082 ’

397 1162 546 1225 Custodes
560 1162 680 1222 sufferre
694 1161 813 1234 valent;
833 1160 914 1221 labat
929 1160 1018 1221 ariete
1032 1162 1138 1222 crebro

396 1258 501 1335 Janua,
517 1266 546 1315 et
560 1254 652 1315 emoti
665 1256 863 1331 procumbunt
877 1254 997 1314 cardine
1011 1264 1120 1331 postes.

398 1349 446 1409 Fit
459 1349 508 1408 via
520 1348 548 1409 vi
560 1370 568 1422 3
588 1335 728 1425 rumpunt
742 1346 847 1421 aditus,
862 1345 1032 1424 primosque
1046 1345 1194 1407 trucidant

398 1441 527 1503 Immissi
543 1440 648 1514 Danai,
664 1451 694 1500 et
708 1441 767 1501 late
781 1438 954 1500 locamilite
969 1440 1127 1517 complent
1336 1469 1380 1508 os·

398 1537 469 1595 Non
484 1535 534 1608 sic,
550 1533 704 1612 aggeribus
718 1532 812 1612 ruptis
826 1551 918 1611 quum
932 1551 1071 1610 spumeus
1086 1533 1180 1594 amuis

398 1629 478 1687 Exiit
492 1627 704 1705 oppositasque
718 1625 805 1688 evicit
818 1625 932 1706 gurgite
946 1626 1048 1699 moles,

398 1722 502 1782 Fertur
515 1722 545 1780 in
561 1740 630 1780 arva
642 1721 741 1781 furens
755 1719 885 1794 cumulo,
899 1737 1079 1795 camposque
1093 1738 1146 1795 per
1160 1737 1263 1781 omnes
1314 1753 1317 1760 ·

398 1816 475 1876 Cum
490 1814 613 1874 stabulis
628 1822 760 1874 armenta
773 1812 869 1874 trahit.
912 1810 982 1872 Vidi
997 1810 1060 1888 ipse
1075 1812 1221 1872 furentem

398 1908 499 1969 Caede
514 1908 746 1984 Neoptolemum
756 1906 953 1985 geminosque
967 1904 997 1963 in
1012 1905 1112 1965 limine
1127 1905 1267 1982 Atridas3
1337 1935 1376 1974 500

396 1999 468 2060 Vidi
483 2002 643 2061 Hecubam
658 2010 836 2078 centumque
850 2018 950 2074 nurus,
966 1996 1174 2075 Priamumque
1188 2018 1241 2082 per
1255 2018 1321 2060 aras

399 2092 548 2171 Sanguine
562 2092 740 2166 foedantem,
756 2111 832 2168 quos
847 2091 911 2175 ipse
925 2101 1097 2165 sacraverat,
1113 2090 1204 2169 ignes.

398 2186 627 2264 Quinquaginta*
635 2186 679 2246 illi
693 2185 822 2260 thalami,
838 2204 906 2262 spes
920 2194 1004 2245 tanta
1017 2194 1169 2262 nepotum,
1200 2246 1202 2249 .

399 2279 555 2340 Barbarico
570 2290 671 2356 postes
685 2299 757 2339 auro
771 2278 932 2356 spoliisque
947 2276 1074 2354 superbi,

398 2374 605 2447 Procubuere3
624 2382 727 2433 tenent
742 2371 848 2446 Danai,
865 2391 924 2448 qua
940 2370 1040 2431 deficit
1053 2370 1137 2449 ignis.

438 2467 574 2527 Forsitan
589 2477 627 2540 et,
644 2464 751 2525 Priami
765 2464 872 2534 fuerint
886 2484 963 2542 qnae
977 2465 1045 2539 iata,
1061 2463 1199 2542 requiras.

398 2558 490 2618 Urbis
504 2559 547 2619 uti
561 2571 666 2637 captae
681 2578 783 2622 casum
796 2558 998 2635 convulsaque
1011 2556 1085 2618 vidit

398 2649 516 2710 Limina
530 2661 675 2712 tectorum
689 2663 719 2712 et
732 2651 864 2714 medium
878 2650 910 2710 in
923 2650 1123 2729 penetralibus
1137 2651 1265 2725 hostem,

399 2745 491 2803 Arma
504 2744 555 2803 diu
569 2745 670 2805 senior
683 2746 806 2806 desueta
819 2741 1012 2806 trementibus
1028 2763 1101 2804 aeuo
1285 2807 1287 2812 ,

399 2835 570 2897 Circumdat
583 2838 785 2914 nequidquam
798 2836 936 2910 humeris,
952 2846 982 2897 et
996 2836 1098 2897 inutile
1111 2838 1220 2900 serrum
1353 2868 1374 2894 ιο

398 2928 541 3006 Cingitur,
558 2932 592 2990 ac'
607 2931 716 2990 densos
730 2931 820 2991 fertur
832 2930 989 2990 moriturus
1003 2929 1034 2988 in
1048 2929 1157 2990 hostes.

399 3022 535 3082 Aedibus
548 3022 579 3082 in
593 3024 699 3084 mediis
712 3023 853 3101 nudoque
867 3025 923 3085 sub
938 3021 1063 3083 aetheris
1077 3042 1132 3084 are

399 3114 510 3192 Ingens
524 3134 574 3175 ara
588 3115 642 3176 fuit
652 3117 794 3197 juxtaque
808 3116 964 3192 veterrima
976 3118 1082 3190 laurus,

399 3209 581 3269 Incumbens
595 3227 662 3269 arae
677 3219 765 3286 atque
779 3212 883 3270 umbra
897 3211 1054 3287 complexa
1068 3211 1205 3269 Penates.

400 3302 461 3360 Hic
477 3303 605 3361 Hecuba
619 3314 649 3362 et
662 3314 749 3363 natae
763 3303 966 3380 nequidquam
980 3303 1082 3363 altaria
1092 3302 1214 3376 'circum

399 3394 579 3471 Praecipites
593 3405 655 3455 atra
668 3415 723 3455 ceu
738 3406 913 3476 tempestate
928 3396 1091 3470 columbae,

400 3488 579 3547 Condensae
594 3498 624 3547 et
637 3488 736 3551 divum
752 3490 905 3566 amplexae
920 3487 1076 3549 simulacra
1090 3487 1243 3550 sedebant.

399 3582 503 3657 Ipsum
517 3592 615 3641 autem
630 3582 755 3659 sumptis
770 3580 919 3642 Priamum
930 3580 1118 3661 juvenalibus
1133 3580 1221 3641 armis

400 3674 445 3733 Ut
457 3673 540 3747 vidit,
556 3675 642 3748 Quae
655 3694 741 3734 mens
754 3685 815 3741 tam
829 3674 900 3749 dira,
915 3673 1076 3735 miserrime
1090 3675 1208 3755 conjux,

400 3765 522 3842 Impulit
536 3767 581 3826 his
595 3766 673 3845 cingi
687 3766 773 3828 telis?
793 3778 843 3828 aut
857 3786 918 3845 quo
932 3768 1010 3829 ruis?
1031 3766 1136 3845 inquit.

399 3860 470 3928 Non
485 3858 536 3919 tali
549 3859 658 3919 auxilio
670 3880 728 3924 nec
742 3860 946 3922 defensoribus
960 3861 1024 3922 istis

398 3951 531 4030 Tempus
545 3964 631 4030 eget3
649 3972 720 4029 non,
735 3951 760 4013 si
773 3951 838 4034 ipse
851 3971 935 4018 meus
949 3972 1028 4016 nunc
1043 3954 1146 4016 afforet
1161 3954 1286 4020 Hector.
1324 3975 1327 3980 ·
