3550 4859
697 588 858 633 annuos
876 589 935 633 uu
958 589 978 647 1,

349 732 514 793 Tendimus
526 732 559 793 in
573 732 700 808 Latium,
716 734 806 794 sedes
819 735 872 797 ubi
884 735 946 795 iata
958 733 1077 811 quietas

348 827 540 899 Ostendunt;
561 825 621 885 illic
636 828 680 886 fas
694 845 786 905 regua
799 846 951 906 resurgere
965 830 1082 904 Trojae.

349 920 470 993 Durate,
486 929 517 978 et
530 929 645 978 vosmet
658 921 747 979 rebus
760 931 877 981 servate
891 921 1039 981 secundis.

389 1011 475 1071 Talia
487 1031 562 1072 voce
576 1012 673 1086 refert,
689 1013 826 1089 curisque
840 1014 1010 1092 ingentibus
1024 1032 1114 1091 aeger

349 1106 441 1182 Spem
455 1106 539 1164 vultu
553 1105 682 1179 simulat,
697 1106 805 1181 premit
817 1107 911 1166 altum
925 1107 1016 1166 corde
1030 1106 1174 1168 dolorem.

348 1197 400 1257 Illi
413 1217 445 1257 se
460 1198 588 1275 praedae
602 1196 761 1275 accingunt
775 1200 960 1276 dapibusque
975 1199 1095 1259 suturis:

347 1292 480 1367 Tergora
493 1290 643 1367 deripiunt
656 1292 749 1352 costis
762 1303 793 1351 et
806 1293 922 1352 viscera
936 1292 1066 1365 nudant;

349 1385 422 1443 Pars
436 1382 468 1441 in
482 1383 575 1443 frusta
588 1394 691 1443 secant
704 1385 883 1461 veribusque
898 1384 1054 1446 trementia
1067 1385 1182 1464 figunt3

348 1474 452 1533 litore
466 1476 544 1534 aena
556 1475 656 1534 locant
669 1474 727 1548 alii,
743 1476 938 1552 flammasque
951 1475 1129 1536 ministrant.

346 1569 426 1625 Trun
440 1567 520 1626 victu
534 1577 676 1627 revocant
688 1568 774 1642 vires,
789 1568 906 1644 fusique
920 1587 974 1645 per
987 1569 1110 1628 herbam

348 1661 516 1736 Implentur
529 1660 637 1721 veteris
652 1661 762 1721 Bacchi
775 1661 954 1739 pinguisque
968 1661 1088 1722 ferinae.

348 1754 513 1830 Postquam
527 1764 665 1831 exempta
678 1755 772 1814 fames
786 1755 883 1832 epulis
897 1774 1078 1833 mensaeque
1093 1767 1234 1831 remotae,

349 1845 486 1905 Amissos
500 1846 591 1924 longo
605 1846 704 1907 socios
718 1867 856 1907 sermone
870 1849 1031 1924 requirunt,

350 1938 501 2015 Spemque
515 1949 687 2015 metumque
701 1940 778 1999 inter
792 1940 883 2015 dubii,
900 1960 953 2001 seu
967 1941 1067 2002 vivere
1081 1942 1213 2018 credant,

350 2031 418 2091 Sive
433 2041 566 2090 extrema
579 2032 641 2109 pati
655 2051 711 2092 nec
728 2033 791 2112 jam
804 2034 944 2094 exaudire
958 2045 1088 2096 vocatos.

348 2125 510 2202 Praecipue
524 2125 591 2202 pius
604 2128 724 2185 Aeneas
738 2146 818 2187 nunc
832 2127 909 2187 aeris
923 2128 1040 2203 Oronti,

348 2220 438 2278 Nunc
453 2218 560 2297 Amyci
573 2238 675 2278 casum
689 2220 782 2297 gemit
795 2228 826 2279 et
840 2220 973 2281 crudelia
986 2241 1088 2282 secum

348 2313 423 2370 Fata
437 2310 518 2387 Lyci,
534 2310 701 2387 fortemque
716 2314 811 2389 Gyan,
827 2314 992 2390 fortemque
1008 2315 1197 2375 Cloanthum

390 2406 429 2463 Et
448 2405 509 2480 jam
524 2404 591 2463 finis
606 2414 677 2477 erat,
694 2423 786 2479 quum
799 2404 936 2482 Juppiter
949 2406 1070 2466 aethere
1084 2426 1201 2468 summo

347 2496 528 2573 Despiciens
542 2513 624 2560 mare
637 2497 796 2556 velivolum
811 2508 964 2574 terrasque
976 2498 1110 2577 jacentes

348 2591 512 2666 Litoraque
526 2599 558 2649 et
570 2591 649 2649 latos
663 2591 800 2667 populos,
816 2590 859 2650 sic
872 2590 983 2651 vertice
996 2590 1074 2651 coeli

347 2680 495 2741 Constitit
509 2689 539 2739 et
553 2680 666 2758 Libyae
680 2680 783 2740 defixit
797 2681 910 2742 lumina
923 2683 1031 2760 reguis.

345 2777 449 2850 Atque
463 2773 547 2832 illum
562 2774 638 2833 tales
656 2774 820 2850 jactantem
834 2784 955 2850 pectore
969 2795 1055 2835 curas

345 2865 474 2927 Tristior
487 2875 518 2925 et
531 2865 660 2925 lacrimis
674 2867 778 2925 oculos
793 2867 905 2927 suffusa
919 2868 1048 2927 nitentes

345 2958 518 3036 Alloquitur
532 2961 656 3018 Venus:
677 2960 706 3020 Ο
721 2960 772 3035 qui
786 2978 834 3019 res
848 2961 1063 3037 hominumque
1077 2960 1228 3037 deumque

345 3052 487 3113 Aeternis
501 3051 578 3130 regis
593 3051 732 3129 imperiis,
749 3064 779 3113 et
794 3053 917 3113 fulmine
930 3063 1039 3127 terres,

344 3144 429 3219 Quid
443 3164 529 3204 meus
544 3147 664 3203 Aeneas
679 3144 711 3203 in
725 3154 755 3204 te
768 3145 954 3206 committere
969 3156 1092 3219 tantum,

345 3237 429 3313 Quid
442 3240 540 3296 Troes
554 3246 687 3313 potuere,
703 3237 820 3314 quibus,
836 3248 882 3298 tot
896 3239 997 3298 funera
1010 3238 1116 3316 passis,
1166 3258 1169 3264 ·

346 3333 485 3391 Cunctus
499 3330 539 3389 ob
555 3330 675 3389 Italiam
689 3339 832 3391 terrarum
846 3332 993 3391 clauditur
1005 3333 1107 3393 orbis?

346 3426 438 3484 Certe
453 3422 524 3482 hinc
540 3425 695 3482 Romanos
709 3424 789 3496 olim,
804 3424 993 3483 volventibus
1007 3424 1103 3497 annis,

347 3516 432 3577 Hinc
446 3516 509 3575 fore
524 3516 672 3589 ductores,
687 3525 827 3575 revocato
840 3535 859 3575 a
872 3516 1018 3594 sanguine
1032 3516 1149 3590 Teucri,

347 3609 409 3685 Qui
423 3628 514 3682 mare,
530 3608 581 3684 qui
595 3619 686 3668 terras
700 3607 781 3668 omui
795 3608 909 3702 ditione
923 3619 1068 3683 tenerent,

347 3701 513 3775 Pollicitus,
529 3720 606 3777 quae
621 3711 659 3775 te,
673 3701 799 3779 genitor,
815 3701 962 3762 sententia
975 3704 1081 3763 vertiti

347 3797 421 3853 Hoc
435 3792 577 3871 equidem
591 3812 731 3854 occasum
745 3795 855 3870 Trojae
869 3794 1029 3871 tristesque
1043 3794 1140 3856 ruinas

347 3887 481 3960 solabar,
497 3886 565 3946 satis
579 3886 727 3946 contraria
740 3885 801 3946 fata
814 3887 983 3964 rependens
993 3909 1003 3961 ;

347 3982 439 4041 Nunc
453 3979 559 4039 eadem
572 3979 691 4040 sermm
702 3976 783 4040 viros
796 3987 841 4042 tot
854 3978 973 4042 casibus
986 3990 1071 4043 actos

1291 764 1328 802 Μ
