3550 4859
398 567 454 644 158
710 582 736 626 n.
756 581 889 626 vrnormr
911 581 1053 625 ursonis

396 728 495 786 Multa
508 746 631 786 movens
646 727 746 786 animo
762 728 917 804 Nymphas
930 728 1092 786 venerabar
1106 733 1235 801 agrestes

396 818 616 894 Gradivumque
631 830 752 896 patrem,
769 818 881 879 Geticis
896 818 946 895 qui
961 818 1109 895 praesidet
1126 817 1209 892 arvis,

396 911 466 971 Rite
481 912 677 971 secundarent
691 912 770 971 visus
785 930 933 987 omenque
947 911 1085 970 levarent.

396 1004 497 1063 Tertia
510 1004 562 1063 sed
577 1015 733 1081 postquam
749 1006 859 1083 majore
874 1004 990 1062 hastilia
1004 1004 1070 1062 nisu

395 1096 560 1173 Aggredior
572 1095 756 1173 genibusque
771 1096 911 1156 adversae
927 1097 1062 1156 obluctor
1076 1115 1232 1158 arenae—

397 1190 534 1265 Eloquar,
551 1208 588 1247 an
604 1188 774 1249 sileam?—
783 1188 909 1266 gemitus
924 1189 1113 1249 lacrimabilis
1126 1189 1187 1250 imo

397 1281 524 1340 Auditur
539 1283 659 1355 tumulo,
676 1293 706 1341 et
719 1302 778 1341 vox
792 1281 909 1341 reddita
923 1282 1012 1342 fertur
1026 1283 1064 1342 ad
1079 1301 1181 1342 aures:

397 1374 478 1450 Quid
492 1361 766 1449 miserum,'Aenea‚
782 1376 913 1436 laceras?
932 1377 994 1451 jam
1008 1394 1095 1452 parce
1111 1376 1246 1453 sepult03

397 1470 488 1526 Parce
503 1466 566 1544 pias
582 1469 723 1527 scelerare
737 1488 849 1527 manus.
894 1470 965 1527 Non
979 1487 1027 1528 me
1041 1468 1096 1528 tibi
1109 1470 1201 1545 Troja

397 1562 558 1620 Externum
573 1561 647 1634 tulit,
664 1572 714 1621 aut
727 1581 814 1621 cruor
827 1560 875 1621 hic
890 1561 928 1622 de
943 1560 1040 1639 stipite
1059 1572 1166 1621 manat.

398 1655 486 1713 Heu!
508 1654 575 1730 fuge
590 1656 723 1714 crudeles
739 1665 836 1727 terraS,
852 1656 920 1732 fuge
935 1655 1003 1714 litus
1018 1674 1143 1713 avarum.

398 1748 477 1804 Nam
492 1747 656 1824 Polydorus
671 1767 734 1825 ego
779 1747 840 1807 Hic
855 1750 1005 1808 confixum
1019 1749 1111 1807 ferrea
1124 1745 1197 1808 texit
1346 1772 1372 1809 45

397 1841 538 1899 Telorum
552 1859 636 1916 seges
650 1852 679 1899 et
691 1841 797 1918 jaculis
811 1840 934 1901 increvit
948 1840 1049 1900 acutis.

438 1935 515 1993 Tum
530 1952 601 1993 vero
616 1933 737 2012 ancipiti
752 1945 881 1993 mentem
896 1932 1052 1993 formidine
1066 1952 1183 2010 pressus

398 2025 555 2102 Obstupui,
572 2034 773 2104 steteruntque
788 2047 892 2087 comae
907 2039 936 2087 et
950 2046 1008 2086 vox
1022 2026 1155 2086 faucibus
1170 2023 1273 2085 haesit

399 2121 491 2178 Hunc
506 2119 686 2196 Polydorum
701 2121 763 2179 auri
778 2122 929 2197 quondam
944 2140 1012 2180 cum
1026 2121 1158 2197 pondere
1173 2136 1281 2197 magno

399 2212 506 2271 Infelix
521 2212 655 2272 Priamus
669 2213 767 2272 furtim
783 2215 937 2273 mandarat
955 2213 1094 2272 alendum

397 2304 536 2365 Threicio
550 2306 619 2383 regi,
636 2326 727 2381 quum
740 2308 801 2382 jam
816 2306 962 2365 diffideret
977 2305 1063 2365 armis

398 2399 568 2458 Dardaniae
582 2398 719 2475 cingique
734 2400 836 2458 urbem
851 2398 1008 2459 obsidione
1022 2399 1141 2459 videret

399 2494 463 2567 Ille,
479 2504 511 2552 ut
525 2511 598 2569 opes
612 2494 720 2552 fractae
736 2494 892 2567 Teucrum,
909 2504 938 2552 et
954 2494 1084 2552 Fortuna
1098 2490 1225 2566 recessit,

399 2587 460 2645 Res
475 2586 727 2663 Agamemnonias
741 2585 930 2662 victriciaque
945 2605 1025 2644 arma
1039 2596 1164 2658 secutus,

399 2681 456 2738 Fas
471 2698 560 2738 omne
575 2678 723 2755 abrumpit
732 2700 741 2753 ;
763 2679 942 2756 Polydorum
958 2680 1122 2752 obtruncat,
1139 2688 1169 2737 et
1183 2695 1254 2738 auro

397 2771 436 2830 Vi
451 2772 569 2849 potitur.
614 2771 695 2847 Quid
710 2791 771 2831 non
786 2771 922 2831 mortalia
935 2783 1057 2848 pectora
1071 2770 1160 2848 cogis,

399 2865 473 2925 Auri
487 2884 570 2924 sacra
584 2866 696 2925 fames?
738 2868 900 2941 Postquam
914 2884 1007 2942 pavor
1021 2883 1088 2924 ossa
1101 2863 1226 2941 reliquit,

399 2960 540 3017 Delectos
555 2958 658 3034 populi
674 2956 712 3016 ad
726 2977 863 3035 proceres
877 2957 1063 3035 primumque
1077 2967 1230 3034 parentem
1304 2951 1311 2962 ⁶

399 3054 537 3111 Monstra
550 3051 639 3109 deum
655 3052 755 3125 refero,
772 3062 809 3125 et,
826 3071 902 3127 quae
918 3050 955 3111 sit
969 3050 1123 3124 sententia,
1139 3068 1240 3127 posco.

399 3144 546 3205 Omnibus
561 3144 641 3203 idern
656 3144 779 3219 animus,
796 3146 940 3204 scelerata
953 3146 1095 3204 excedere
1110 3154 1193 3217 terra,

399 3237 508 3314 Linqui
521 3239 668 3314 pollutum
682 3237 851 3315 hospitium,
867 3249 897 3299 et
911 3240 980 3299 dare
995 3237 1138 3298 classibus
1152 3246 1273 3297 austros.

400 3333 478 3407 Ergo
492 3331 688 3390 instauramus
704 3332 853 3408 Polydoro
867 3332 974 3391 funus:
995 3341 1024 3390 et
1038 3330 1142 3408 ingens

399 3423 555 3500 Aggeritur
569 3426 684 3484 tumulo
698 3426 803 3499 tellus;
824 3434 902 3483 stant
917 3424 1058 3484 Manibus
1073 3441 1148 3498 arae,

399 3517 551 3577 Caeruleis
565 3529 695 3577 maestae
709 3517 790 3577 vittis
804 3528 925 3594 atraque
940 3535 1087 3593 cupress0,

400 3612 438 3669 Et
452 3609 562 3669 circum
578 3610 689 3669 Iliades
704 3609 815 3669 crinem
829 3611 867 3670 de
882 3629 963 3670 more
978 3611 1109 3684 solutae;

399 3702 556 3762 Inferimus
572 3702 675 3779 tepido
690 3702 857 3780 spumantia
870 3702 988 3780 cymbia
1002 3704 1078 3763 lacte

400 3795 557 3873 Sanguinis
573 3806 602 3855 et
617 3795 691 3855 sacri
705 3806 829 3872 pateras,
846 3795 1034 3872 animamque
1049 3796 1204 3873 sepulchro

400 3888 574 3961 Condimus,
591 3899 621 3948 et
636 3907 743 3965 magna
757 3908 926 3965 supremum
940 3908 1014 3949 voce
1029 3887 1147 3949 ciemus.

439 3981 526 4056 Inde,
542 3981 594 4041 ubi
608 3981 704 4060 prima
717 3983 790 4041 fides
804 3983 921 4059 pelago,
935 3983 1111 4059 placataque
1124 3981 1205 4042 venti

400 4076 483 4137 Dant
495 4074 588 4136 maria
602 4085 633 4137 et
646 4073 722 4136 lenis
735 4073 881 4154 crepitans
895 4086 985 4136 vocat
998 4085 1096 4136 auster
1108 4074 1140 4134 in
1154 4075 1254 4150 altum,
1300 4158 1306 4173 ὓ
1346 4101 1375 4140 r·
