<?xml version="1.0" encoding="UTF-8"?>
<!DOCTYPE html PUBLIC "-//W3C//DTD XHTML 1.0 Transitional//EN"
    "http://www.w3.org/TR/xhtml1/DTD/xhtml1-transitional.dtd">
<html xmlns="http://www.w3.org/1999/xhtml" xml:lang="en" lang="en">
 <head>
  <title>
</title>
<meta http-equiv="Content-Type" content="text/html;charset=utf-8" />
  <meta name='ocr-system' content='tesseract 3.04.00' />
  <meta name='ocr-capabilities' content='ocr_page ocr_carea ocr_par ocr_line ocrx_word'/>
</head>
<body>
  <div class='ocr_page' id='page_1' title='image "./selectionsfromo00rolfgoog_0102.png"; bbox 0 0 3550 4859; ppageno 0'>
   <div class='ocr_carea' id='block_1_1' title="bbox 394 573 1055 632">
    <p class='ocr_par' dir='ltr' id='par_1_1' title="bbox 394 573 1055 632">
     <span class='ocr_line' id='line_1_1' title="bbox 394 573 1055 632; baseline -0.011 0"><span class='ocrx_word' id='word_1_1' title='bbox 394 573 434 632; x_wconf 80' lang='lat'>8⁶</span> <span class='ocrx_word' id='word_1_2' title='bbox 711 585 737 628; x_wconf 79' lang='lat' dir='ltr'>r.</span> <span class='ocrx_word' id='word_1_3' title='bbox 755 581 890 627; x_wconf 77' lang='lat' dir='ltr'>virumn</span> <span class='ocrx_word' id='word_1_4' title='bbox 912 580 1055 626; x_wconf 67' lang='lat' dir='ltr'>naonis</span> 
     </span>
    </p>
   </div>
   <div class='ocr_carea' id='block_1_2' title="bbox 395 725 1382 4052">
    <p class='ocr_par' dir='ltr' id='par_1_2' title="bbox 396 725 1233 901">
     <span class='ocr_line' id='line_1_2' title="bbox 396 725 1120 808; baseline -0.008 -16"><span class='ocrx_word' id='word_1_5' title='bbox 396 734 509 792; x_wconf 86' lang='lat' dir='ltr'>Rursus</span> <span class='ocrx_word' id='word_1_6' title='bbox 524 730 554 791; x_wconf 87' lang='lat' dir='ltr'>in</span> <span class='ocrx_word' id='word_1_7' title='bbox 569 730 723 808; x_wconf 88' lang='lat' dir='ltr'>obliquum</span> <span class='ocrx_word' id='word_1_8' title='bbox 737 746 824 790; x_wconf 87' lang='lat' dir='ltr'>verso</span> <span class='ocrx_word' id='word_1_9' title='bbox 836 725 999 805; x_wconf 81' lang='lat' dir='ltr'>perrumpit</span> <span class='ocrx_word' id='word_1_10' title='bbox 1012 737 1120 802; x_wconf 76' lang='lat' dir='ltr'>araon,</span> 
     </span>
     <span class='ocr_line' id='line_1_3' title="bbox 397 818 1233 901; baseline 0 -17"><span class='ocrx_word' id='word_1_11' title='bbox 397 827 582 901; x_wconf 86' lang='lat' dir='ltr'>Exercetque</span> <span class='ocrx_word' id='word_1_12' title='bbox 595 825 735 900; x_wconf 81' lang='lat' dir='ltr'>frequens</span> <span class='ocrx_word' id='word_1_13' title='bbox 748 822 892 894; x_wconf 85' lang='lat' dir='ltr'>tellurem,</span> <span class='ocrx_word' id='word_1_14' title='bbox 906 830 998 896; x_wconf 82' lang='lat' dir='ltr'>atque</span> <span class='ocrx_word' id='word_1_15' title='bbox 1011 820 1136 897; x_wconf 83' lang='lat' dir='ltr'>imperat</span> <span class='ocrx_word' id='word_1_16' title='bbox 1148 818 1233 884; x_wconf 65' lang='lat' dir='ltr'>asnia</span> 
     </span>
    </p>

    <p class='ocr_par' dir='ltr' id='par_1_3' title="bbox 437 913 1379 991">
     <span class='ocr_line' id='line_1_4' title="bbox 437 913 1379 991; baseline -0.004 -15"><span class='ocrx_word' id='word_1_17' title='bbox 437 916 573 976; x_wconf 88' lang='lat' dir='ltr'>Humida</span> <span class='ocrx_word' id='word_1_18' title='bbox 587 914 712 975; x_wconf 84' lang='lat' dir='ltr'>solstitia</span> <span class='ocrx_word' id='word_1_19' title='bbox 725 924 816 991; x_wconf 87' lang='lat' dir='ltr'>atque</span> <span class='ocrx_word' id='word_1_20' title='bbox 829 913 943 973; x_wconf 81' lang='lat' dir='ltr'>hiemes</span> <span class='ocrx_word' id='word_1_21' title='bbox 956 924 1038 973; x_wconf 85' lang='lat' dir='ltr'>orate</span> <span class='ocrx_word' id='word_1_22' title='bbox 1052 931 1181 989; x_wconf 74' lang='lat' dir='ltr'>serenat,</span> <span class='ocrx_word' id='word_1_23' title='bbox 1200 969 1202 974; x_wconf 86' lang='lat'><em>.</em></span> <span class='ocrx_word' id='word_1_24' title='bbox 1335 937 1379 972; x_wconf 67' lang='grc' dir='ltr'>ιω</span> 
     </span>
    </p>

    <p class='ocr_par' dir='ltr' id='par_1_4' title="bbox 397 1005 1124 1087">
     <span class='ocr_line' id='line_1_5' title="bbox 397 1005 1124 1087; baseline -0.007 -17"><span class='ocrx_word' id='word_1_25' title='bbox 397 1010 574 1087; x_wconf 80' lang='lat' dir='ltr'>Agricolae3</span> <span class='ocrx_word' id='word_1_26' title='bbox 593 1008 718 1067; x_wconf 91' lang='lat' dir='ltr'>hiberno</span> <span class='ocrx_word' id='word_1_27' title='bbox 732 1005 893 1067; x_wconf 83' lang='lat' dir='ltr'>laetissima</span> <span class='ocrx_word' id='word_1_28' title='bbox 905 1007 1026 1083; x_wconf 85' lang='lat' dir='ltr'>pulvere</span> <span class='ocrx_word' id='word_1_29' title='bbox 1040 1007 1124 1082; x_wconf 75' lang='lat' dir='ltr'>tura,</span> 
     </span>
    </p>

    <p class='ocr_par' dir='ltr' id='par_1_5' title="bbox 396 1098 1095 1179">
     <span class='ocr_line' id='line_1_6' title="bbox 396 1098 1095 1179; baseline -0.004 -16"><span class='ocrx_word' id='word_1_30' title='bbox 396 1104 507 1163; x_wconf 88' lang='lat' dir='ltr'>Laetus</span> <span class='ocrx_word' id='word_1_31' title='bbox 521 1121 607 1179; x_wconf 86' lang='lat' dir='ltr'>ager:</span> <span class='ocrx_word' id='word_1_32' title='bbox 627 1101 710 1161; x_wconf 88' lang='lat' dir='ltr'>nullo</span> <span class='ocrx_word' id='word_1_33' title='bbox 723 1110 839 1160; x_wconf 82' lang='lat' dir='ltr'>tantum</span> <span class='ocrx_word' id='word_1_34' title='bbox 853 1118 885 1159; x_wconf 86' lang='lat' dir='ltr'>se</span> <span class='ocrx_word' id='word_1_35' title='bbox 901 1098 1002 1177; x_wconf 79' lang='lat' dir='ltr'>Mysia</span> <span class='ocrx_word' id='word_1_36' title='bbox 1013 1100 1095 1160; x_wconf 81' lang='lat' dir='ltr'>cultu</span> 
     </span>
    </p>

    <p class='ocr_par' dir='ltr' id='par_1_6' title="bbox 395 1193 1134 1273">
     <span class='ocr_line' id='line_1_7' title="bbox 395 1193 1134 1273; baseline 0 -19"><span class='ocrx_word' id='word_1_37' title='bbox 395 1197 495 1273; x_wconf 86' lang='lat' dir='ltr'>Jactat</span> <span class='ocrx_word' id='word_1_38' title='bbox 509 1204 539 1254; x_wconf 93' lang='lat' dir='ltr'>et</span> <span class='ocrx_word' id='word_1_39' title='bbox 553 1195 618 1271; x_wconf 90' lang='lat' dir='ltr'>ipsa</span> <span class='ocrx_word' id='word_1_40' title='bbox 633 1212 700 1252; x_wconf 90' lang='lat' dir='ltr'>suas</span> <span class='ocrx_word' id='word_1_41' title='bbox 713 1193 856 1252; x_wconf 90' lang='lat' dir='ltr'>mirantur</span> <span class='ocrx_word' id='word_1_42' title='bbox 869 1193 1002 1269; x_wconf 83' lang='lat' dir='ltr'>Gargara</span> <span class='ocrx_word' id='word_1_43' title='bbox 1015 1203 1134 1254; x_wconf 81' lang='lat' dir='ltr'>messes.</span> 
     </span>
    </p>

    <p class='ocr_par' dir='ltr' id='par_1_7' title="bbox 397 1284 1152 1365">
     <span class='ocr_line' id='line_1_8' title="bbox 397 1284 1152 1365; baseline 0.001 -18"><span class='ocrx_word' id='word_1_44' title='bbox 397 1287 479 1363; x_wconf 89' lang='lat' dir='ltr'>Quid</span> <span class='ocrx_word' id='word_1_45' title='bbox 494 1286 600 1360; x_wconf 89' lang='lat' dir='ltr'>dicam,</span> <span class='ocrx_word' id='word_1_46' title='bbox 612 1287 694 1365; x_wconf 90' lang='lat' dir='ltr'>jacto</span> <span class='ocrx_word' id='word_1_47' title='bbox 708 1285 761 1362; x_wconf 94' lang='lat' dir='ltr'>qui</span> <span class='ocrx_word' id='word_1_48' title='bbox 775 1284 887 1345; x_wconf 90' lang='lat' dir='ltr'>semine</span> <span class='ocrx_word' id='word_1_49' title='bbox 901 1284 1067 1345; x_wconf 87' lang='lat' dir='ltr'>comminus</span> <span class='ocrx_word' id='word_1_50' title='bbox 1081 1305 1152 1348; x_wconf 79' lang='lat' dir='ltr'>arvo</span> 
     </span>
    </p>

    <p class='ocr_par' dir='ltr' id='par_1_8' title="bbox 398 1377 1377 1550">
     <span class='ocr_line' id='line_1_9' title="bbox 398 1377 1377 1457; baseline -0.004 -17"><span class='ocrx_word' id='word_1_51' title='bbox 398 1379 568 1457; x_wconf 88' lang='lat' dir='ltr'>Insequitur</span> <span class='ocrx_word' id='word_1_52' title='bbox 581 1380 775 1456; x_wconf 89' lang='lat' dir='ltr'>cumulosque</span> <span class='ocrx_word' id='word_1_53' title='bbox 789 1378 847 1438; x_wconf 92' lang='lat' dir='ltr'>ruit</span> <span class='ocrx_word' id='word_1_54' title='bbox 860 1378 940 1439; x_wconf 86' lang='lat' dir='ltr'>male</span> <span class='ocrx_word' id='word_1_55' title='bbox 953 1377 1070 1456; x_wconf 87' lang='lat' dir='ltr'>pinguis</span> <span class='ocrx_word' id='word_1_56' title='bbox 1084 1397 1200 1454; x_wconf 65' lang='lat' dir='ltr'>arente,</span> <span class='ocrx_word' id='word_1_57' title='bbox 1338 1405 1377 1446; x_wconf 70' lang='grc' dir='ltr'>ιο,</span> 
     </span>
     <span class='ocr_line' id='line_1_10' title="bbox 399 1471 1201 1550; baseline 0.001 -18"><span class='ocrx_word' id='word_1_58' title='bbox 399 1473 517 1533; x_wconf 86' lang='lat' dir='ltr'>Deinde</span> <span class='ocrx_word' id='word_1_59' title='bbox 532 1472 602 1531; x_wconf 91' lang='lat' dir='ltr'>satis</span> <span class='ocrx_word' id='word_1_60' title='bbox 614 1471 738 1531; x_wconf 90' lang='lat' dir='ltr'>fluvium</span> <span class='ocrx_word' id='word_1_61' title='bbox 753 1471 868 1532; x_wconf 89' lang='lat' dir='ltr'>inducit</span> <span class='ocrx_word' id='word_1_62' title='bbox 880 1471 1018 1548; x_wconf 87' lang='lat' dir='ltr'>rivosque</span> <span class='ocrx_word' id='word_1_63' title='bbox 1033 1483 1201 1550; x_wconf 71' lang='lat' dir='ltr'>sequentes,</span> 
     </span>
    </p>

    <p class='ocr_par' dir='ltr' id='par_1_9' title="bbox 400 1563 1236 1643">
     <span class='ocr_line' id='line_1_11' title="bbox 400 1563 1236 1643; baseline 0.001 -17"><span class='ocrx_word' id='word_1_64' title='bbox 400 1568 446 1640; x_wconf 91' lang='lat' dir='ltr'>Et,</span> <span class='ocrx_word' id='word_1_65' title='bbox 463 1584 554 1643; x_wconf 92' lang='lat' dir='ltr'>quum</span> <span class='ocrx_word' id='word_1_66' title='bbox 569 1575 690 1624; x_wconf 88' lang='lat' dir='ltr'>exustus</span> <span class='ocrx_word' id='word_1_67' title='bbox 705 1584 774 1642; x_wconf 87' lang='lat' dir='ltr'>ager</span> <span class='ocrx_word' id='word_1_68' title='bbox 786 1564 983 1626; x_wconf 84' lang='lat' dir='ltr'>morientibus</span> <span class='ocrx_word' id='word_1_69' title='bbox 997 1576 1112 1627; x_wconf 81' lang='lat' dir='ltr'>aestuat</span> <span class='ocrx_word' id='word_1_70' title='bbox 1126 1563 1236 1641; x_wconf 79' lang='lat' dir='ltr'>herbis,</span> 
     </span>
    </p>

    <p class='ocr_par' dir='ltr' id='par_1_10' title="bbox 399 1656 1033 1735">
     <span class='ocr_line' id='line_1_12' title="bbox 399 1656 1033 1735; baseline -0.002 -17"><span class='ocrx_word' id='word_1_71' title='bbox 399 1660 478 1718; x_wconf 85' lang='lat' dir='ltr'>Ecce</span> <span class='ocrx_word' id='word_1_72' title='bbox 493 1658 650 1735; x_wconf 90' lang='lat' dir='ltr'>supercilio</span> <span class='ocrx_word' id='word_1_73' title='bbox 665 1656 769 1718; x_wconf 86' lang='lat' dir='ltr'><strong>clivosi</strong></span> <span class='ocrx_word' id='word_1_74' title='bbox 783 1657 908 1718; x_wconf 74' lang='lat' dir='ltr'><strong>tramitis</strong></span> <span class='ocrx_word' id='word_1_75' title='bbox 921 1658 1033 1719; x_wconf 91' lang='lat' dir='ltr'>undam</span> 
     </span>
    </p>

    <p class='ocr_par' dir='ltr' id='par_1_11' title="bbox 399 1751 1141 1829">
     <span class='ocr_line' id='line_1_13' title="bbox 399 1751 1141 1829; baseline 0.004 -18"><span class='ocrx_word' id='word_1_76' title='bbox 399 1752 507 1811; x_wconf 88' lang='lat' dir='ltr'><strong>Elicit?</strong></span> <span class='ocrx_word' id='word_1_77' title='bbox 527 1752 578 1810; x_wconf 90' lang='lat' dir='ltr'>illa</span> <span class='ocrx_word' id='word_1_78' title='bbox 592 1751 703 1810; x_wconf 91' lang='lat' dir='ltr'>cadens</span> <span class='ocrx_word' id='word_1_79' title='bbox 718 1770 839 1811; x_wconf 89' lang='lat' dir='ltr'>raucum</span> <span class='ocrx_word' id='word_1_80' title='bbox 853 1771 907 1829; x_wconf 90' lang='lat' dir='ltr'>per</span> <span class='ocrx_word' id='word_1_81' title='bbox 920 1752 997 1812; x_wconf 85' lang='lat' dir='ltr'>levia</span> <span class='ocrx_word' id='word_1_82' title='bbox 1009 1771 1141 1814; x_wconf 89' lang='lat' dir='ltr'>murmur</span> 
     </span>
    </p>

    <p class='ocr_par' dir='ltr' id='par_1_12' title="bbox 398 1844 1150 1923">
     <span class='ocr_line' id='line_1_14' title="bbox 398 1844 1150 1923; baseline 0.003 -19"><span class='ocrx_word' id='word_1_83' title='bbox 398 1846 475 1904; x_wconf 86' lang='lat' dir='ltr'>Saxa</span> <span class='ocrx_word' id='word_1_84' title='bbox 488 1844 555 1918; x_wconf 90' lang='lat' dir='ltr'>ciet,</span> <span class='ocrx_word' id='word_1_85' title='bbox 572 1844 776 1921; x_wconf 86' lang='lat' dir='ltr'>scatebrisque</span> <span class='ocrx_word' id='word_1_86' title='bbox 791 1845 903 1905; x_wconf 79' lang='lat' dir='ltr'>arentia</span> <span class='ocrx_word' id='word_1_87' title='bbox 916 1855 1060 1923; x_wconf 85' lang='lat' dir='ltr'>temperat</span> <span class='ocrx_word' id='word_1_88' title='bbox 1074 1865 1150 1906; x_wconf 82' lang='lat' dir='ltr'>arva.</span> 
     </span>
    </p>

    <p class='ocr_par' dir='ltr' id='par_1_13' title="bbox 398 1929 1199 2015">
     <span class='ocr_line' id='line_1_15' title="bbox 398 1929 1199 2015; baseline 0.004 -19"><span class='ocrx_word' id='word_1_89' title='bbox 398 1937 489 2012; x_wconf 92' lang='lat' dir='ltr'>Quid,</span> <span class='ocrx_word' id='word_1_90' title='bbox 505 1937 565 2014; x_wconf 90' lang='lat' dir='ltr'>qui,</span> <span class='ocrx_word' id='word_1_91' title='bbox 581 1956 619 1997; x_wconf 91' lang='lat' dir='ltr'>ne</span> <span class='ocrx_word' id='word_1_92' title='bbox 633 1937 761 2015; x_wconf 87' lang='lat' dir='ltr'>gravidis</span> <span class='ocrx_word' id='word_1_93' title='bbox 774 1940 951 2015; x_wconf 87' lang='lat' dir='ltr'>procumbat</span> <span class='ocrx_word' id='word_1_94' title='bbox 963 1929 1078 1999; x_wconf 81' lang='lat' dir='ltr'>culmus</span> <span class='ocrx_word' id='word_1_95' title='bbox 1092 1938 1199 2013; x_wconf 83' lang='lat' dir='ltr'>aristis,</span> 
     </span>
    </p>

    <p class='ocr_par' dir='ltr' id='par_1_14' title="bbox 398 2031 1130 2109">
     <span class='ocr_line' id='line_1_16' title="bbox 398 2031 1130 2109; baseline 0.003 -18"><span class='ocrx_word' id='word_1_96' title='bbox 398 2031 558 2092; x_wconf 83' lang='lat' dir='ltr'>Luxuriem</span> <span class='ocrx_word' id='word_1_97' title='bbox 573 2042 706 2108; x_wconf 86' lang='lat' dir='ltr'>segetum</span> <span class='ocrx_word' id='word_1_98' title='bbox 719 2042 823 2092; x_wconf 87' lang='lat' dir='ltr'>tenera</span> <span class='ocrx_word' id='word_1_99' title='bbox 836 2032 971 2109; x_wconf 85' lang='lat' dir='ltr'>depascit</span> <span class='ocrx_word' id='word_1_100' title='bbox 984 2032 1015 2092; x_wconf 89' lang='lat' dir='ltr'>in</span> <span class='ocrx_word' id='word_1_101' title='bbox 1029 2033 1130 2106; x_wconf 88' lang='lat' dir='ltr'>herba,</span> 
     </span>
    </p>

    <p class='ocr_par' dir='ltr' id='par_1_15' title="bbox 399 2122 1261 2293">
     <span class='ocr_line' id='line_1_17' title="bbox 399 2122 1261 2204; baseline 0.003 -21"><span class='ocrx_word' id='word_1_102' title='bbox 399 2126 499 2200; x_wconf 90' lang='lat' dir='ltr'>Quum</span> <span class='ocrx_word' id='word_1_103' title='bbox 514 2125 641 2201; x_wconf 88' lang='lat' dir='ltr'>primum</span> <span class='ocrx_word' id='word_1_104' title='bbox 657 2127 758 2186; x_wconf 92' lang='lat' dir='ltr'>sulcos</span> <span class='ocrx_word' id='word_1_105' title='bbox 772 2135 904 2202; x_wconf 88' lang='lat' dir='ltr'>aequant</span> <span class='ocrx_word' id='word_1_106' title='bbox 917 2128 1000 2186; x_wconf 83' lang='lat' dir='ltr'>sata?</span> <span class='ocrx_word' id='word_1_107' title='bbox 1021 2125 1131 2203; x_wconf 89' lang='lat' dir='ltr'>quique</span> <span class='ocrx_word' id='word_1_108' title='bbox 1143 2122 1261 2204; x_wconf 76' lang='lat' dir='ltr'>paludis</span> 
     </span>
     <span class='ocr_line' id='line_1_18' title="bbox 400 2218 1099 2293; baseline 0.001 -15"><span class='ocrx_word' id='word_1_109' title='bbox 400 2218 568 2278; x_wconf 91' lang='lat' dir='ltr'>Collectum</span> <span class='ocrx_word' id='word_1_110' title='bbox 582 2219 738 2279; x_wconf 91' lang='lat' dir='ltr'>humorem</span> <span class='ocrx_word' id='word_1_111' title='bbox 750 2219 854 2279; x_wconf 87' lang='lat' dir='ltr'>bibula</span> <span class='ocrx_word' id='word_1_112' title='bbox 867 2219 988 2280; x_wconf 88' lang='lat' dir='ltr'>deducit</span> <span class='ocrx_word' id='word_1_113' title='bbox 1000 2238 1099 2293; x_wconf 82' lang='lat' dir='ltr'>arena,</span> 
     </span>
    </p>

    <p class='ocr_par' dir='ltr' id='par_1_16' title="bbox 400 2310 1380 2481">
     <span class='ocr_line' id='line_1_19' title="bbox 400 2310 1380 2378; baseline 0 -9"><span class='ocrx_word' id='word_1_114' title='bbox 400 2311 578 2371; x_wconf 89' lang='lat' dir='ltr'>Praesertim</span> <span class='ocrx_word' id='word_1_115' title='bbox 593 2310 711 2372; x_wconf 91' lang='lat' dir='ltr'>incertis</span> <span class='ocrx_word' id='word_1_116' title='bbox 726 2312 751 2371; x_wconf 93' lang='lat' dir='ltr'>si</span> <span class='ocrx_word' id='word_1_117' title='bbox 763 2313 918 2372; x_wconf 88' lang='lat' dir='ltr'>mensibus</span> <span class='ocrx_word' id='word_1_118' title='bbox 932 2313 1028 2372; x_wconf 85' lang='lat' dir='ltr'>amnis</span> <span class='ocrx_word' id='word_1_119' title='bbox 1042 2312 1198 2373; x_wconf 85' lang='lat' dir='ltr'>abundans</span> <span class='ocrx_word' id='word_1_120' title='bbox 1251 2355 1254 2365; x_wconf 82' lang='grc'><em>.</em></span> <span class='ocrx_word' id='word_1_121' title='bbox 1340 2338 1380 2378; x_wconf 66' lang='lat' dir='ltr'>ns</span> 
     </span>
     <span class='ocr_line' id='line_1_20' title="bbox 401 2403 1051 2481; baseline 0.003 -18"><span class='ocrx_word' id='word_1_122' title='bbox 401 2403 478 2478; x_wconf 85' lang='lat' dir='ltr'>Exit,</span> <span class='ocrx_word' id='word_1_123' title='bbox 494 2414 525 2464; x_wconf 92' lang='lat' dir='ltr'>et</span> <span class='ocrx_word' id='word_1_124' title='bbox 539 2404 671 2464; x_wconf 91' lang='lat' dir='ltr'>obducto</span> <span class='ocrx_word' id='word_1_125' title='bbox 686 2406 745 2465; x_wconf 87' lang='lat' dir='ltr'>late</span> <span class='ocrx_word' id='word_1_126' title='bbox 759 2415 841 2466; x_wconf 90' lang='lat' dir='ltr'>tenet</span> <span class='ocrx_word' id='word_1_127' title='bbox 855 2404 957 2465; x_wconf 84' lang='lat' dir='ltr'>omnia</span> <span class='ocrx_word' id='word_1_128' title='bbox 969 2405 1051 2481; x_wconf 90' lang='lat' dir='ltr'>limo,</span> 
     </span>
    </p>

    <p class='ocr_par' dir='ltr' id='par_1_17' title="bbox 401 2498 1136 2576">
     <span class='ocr_line' id='line_1_21' title="bbox 401 2498 1136 2576; baseline 0.001 -17"><span class='ocrx_word' id='word_1_129' title='bbox 401 2498 493 2559; x_wconf 91' lang='lat' dir='ltr'>Unde</span> <span class='ocrx_word' id='word_1_130' title='bbox 508 2517 598 2558; x_wconf 89' lang='lat' dir='ltr'>cavae</span> <span class='ocrx_word' id='word_1_131' title='bbox 613 2498 716 2576; x_wconf 90' lang='lat' dir='ltr'>tepido</span> <span class='ocrx_word' id='word_1_132' title='bbox 730 2499 839 2560; x_wconf 91' lang='lat' dir='ltr'>sudant</span> <span class='ocrx_word' id='word_1_133' title='bbox 852 2499 976 2558; x_wconf 92' lang='lat' dir='ltr'>humore</span> <span class='ocrx_word' id='word_1_134' title='bbox 990 2499 1136 2560; x_wconf 76' lang='lat' dir='ltr'>lacunae?</span> 
     </span>
    </p>

    <p class='ocr_par' dir='ltr' id='par_1_18' title="bbox 399 2590 1382 3133">
     <span class='ocr_line' id='line_1_22' title="bbox 436 2590 1381 2671; baseline 0.005 -21"><span class='ocrx_word' id='word_1_135' title='bbox 436 2593 503 2651; x_wconf 93' lang='lat' dir='ltr'>Nec</span> <span class='ocrx_word' id='word_1_136' title='bbox 510 2592 704 2666; x_wconf 85' lang='lat' dir='ltr'>tamen,haec</span> <span class='ocrx_word' id='word_1_137' title='bbox 711 2611 802 2669; x_wconf 91' lang='lat' dir='ltr'>quum</span> <span class='ocrx_word' id='word_1_138' title='bbox 810 2593 870 2652; x_wconf 90' lang='lat' dir='ltr'>sint</span> <span class='ocrx_word' id='word_1_139' title='bbox 879 2592 1094 2669; x_wconf 89' lang='lat' dir='ltr'>hominumque</span> <span class='ocrx_word' id='word_1_140' title='bbox 1101 2590 1381 2671; x_wconf 75' lang='lat' dir='ltr'>boumquelabores</span> 
     </span>
     <span class='ocr_line' id='line_1_23' title="bbox 399 2684 1178 2762; baseline 0.003 -19"><span class='ocrx_word' id='word_1_141' title='bbox 399 2685 556 2745; x_wconf 88' lang='lat' dir='ltr'>Versando</span> <span class='ocrx_word' id='word_1_142' title='bbox 571 2695 677 2744; x_wconf 88' lang='lat' dir='ltr'>terram</span> <span class='ocrx_word' id='word_1_143' title='bbox 692 2685 814 2762; x_wconf 84' lang='lat' dir='ltr'>experti,</span> <span class='ocrx_word' id='word_1_144' title='bbox 830 2684 905 2744; x_wconf 91' lang='lat' dir='ltr'>nihil</span> <span class='ocrx_word' id='word_1_145' title='bbox 923 2684 1076 2762; x_wconf 89' lang='lat' dir='ltr'>improbus</span> <span class='ocrx_word' id='word_1_146' title='bbox 1089 2704 1178 2745; x_wconf 87' lang='lat' dir='ltr'>anser</span> 
     </span>
     <span class='ocr_line' id='line_1_24' title="bbox 402 2777 1382 2856; baseline -0.004 -16"><span class='ocrx_word' id='word_1_147' title='bbox 402 2778 647 2856; x_wconf 85' lang='lat' dir='ltr'>Strymoniaeque</span> <span class='ocrx_word' id='word_1_148' title='bbox 660 2796 746 2855; x_wconf 83' lang='lat' dir='ltr'>grues</span> <span class='ocrx_word' id='word_1_149' title='bbox 760 2786 791 2838; x_wconf 89' lang='lat' dir='ltr'>et</span> <span class='ocrx_word' id='word_1_150' title='bbox 803 2777 912 2838; x_wconf 88' lang='lat' dir='ltr'>amaris</span> <span class='ocrx_word' id='word_1_151' title='bbox 925 2778 1030 2838; x_wconf 87' lang='lat' dir='ltr'>intuba</span> <span class='ocrx_word' id='word_1_152' title='bbox 1042 2777 1124 2839; x_wconf 85' lang='lat' dir='ltr'>tibris</span> <span class='ocrx_word' id='word_1_153' title='bbox 1342 2805 1382 2836; x_wconf 76' lang='lat' dir='ltr'>m</span> 
     </span>
     <span class='ocr_line' id='line_1_25' title="bbox 400 2869 1179 2948; baseline -0.001 -16"><span class='ocrx_word' id='word_1_154' title='bbox 400 2870 544 2932; x_wconf 85' lang='lat' dir='ltr'>Officiunt</span> <span class='ocrx_word' id='word_1_155' title='bbox 557 2880 609 2930; x_wconf 84' lang='lat' dir='ltr'>aut</span> <span class='ocrx_word' id='word_1_156' title='bbox 621 2872 727 2930; x_wconf 90' lang='lat' dir='ltr'>umbra</span> <span class='ocrx_word' id='word_1_157' title='bbox 739 2881 836 2930; x_wconf 82' lang='lat' dir='ltr'>nocet</span> <span class='ocrx_word' id='word_1_158' title='bbox 881 2873 970 2931; x_wconf 84' lang='lat' dir='ltr'>Pater</span> <span class='ocrx_word' id='word_1_159' title='bbox 981 2870 1046 2948; x_wconf 81' lang='lat' dir='ltr'>ipse</span> <span class='ocrx_word' id='word_1_160' title='bbox 1059 2869 1179 2932; x_wconf 88' lang='lat' dir='ltr'>colendi</span> 
     </span>
     <span class='ocr_line' id='line_1_26' title="bbox 402 2962 1277 3043; baseline 0.003 -20"><span class='ocrx_word' id='word_1_161' title='bbox 402 2964 495 3023; x_wconf 94' lang='lat' dir='ltr'>Haud</span> <span class='ocrx_word' id='word_1_162' title='bbox 509 2963 625 3023; x_wconf 84' lang='lat' dir='ltr'>facilem</span> <span class='ocrx_word' id='word_1_163' title='bbox 641 2983 707 3024; x_wconf 91' lang='lat' dir='ltr'>esse</span> <span class='ocrx_word' id='word_1_164' title='bbox 721 2963 799 3023; x_wconf 86' lang='lat' dir='ltr'>viam</span> <span class='ocrx_word' id='word_1_165' title='bbox 813 2962 915 3039; x_wconf 85' lang='lat' dir='ltr'>voluit,</span> <span class='ocrx_word' id='word_1_166' title='bbox 931 2965 1104 3042; x_wconf 87' lang='lat' dir='ltr'>primusque</span> <span class='ocrx_word' id='word_1_167' title='bbox 1117 2983 1172 3043; x_wconf 87' lang='lat' dir='ltr'>per</span> <span class='ocrx_word' id='word_1_168' title='bbox 1184 2974 1277 3026; x_wconf 82' lang='lat' dir='ltr'>arten</span> 
     </span>
     <span class='ocr_line' id='line_1_27' title="bbox 402 3055 1087 3133; baseline 0.003 -18"><span class='ocrx_word' id='word_1_169' title='bbox 402 3055 500 3115; x_wconf 91' lang='lat' dir='ltr'>Movit</span> <span class='ocrx_word' id='word_1_170' title='bbox 514 3075 608 3133; x_wconf 86' lang='lat' dir='ltr'>agros,</span> <span class='ocrx_word' id='word_1_171' title='bbox 623 3056 701 3116; x_wconf 91' lang='lat' dir='ltr'>curis</span> <span class='ocrx_word' id='word_1_172' title='bbox 715 3059 825 3116; x_wconf 81' lang='lat' dir='ltr'>acuen&#39;s</span> <span class='ocrx_word' id='word_1_173' title='bbox 838 3057 974 3116; x_wconf 89' lang='lat' dir='ltr'>mortalia</span> <span class='ocrx_word' id='word_1_174' title='bbox 987 3058 1087 3132; x_wconf 81' lang='lat' dir='ltr'>corda,</span> 
     </span>
    </p>

    <p class='ocr_par' dir='ltr' id='par_1_19' title="bbox 402 3150 1128 3227">
     <span class='ocr_line' id='line_1_28' title="bbox 402 3150 1128 3227; baseline 0.003 -18"><span class='ocrx_word' id='word_1_175' title='bbox 402 3152 467 3209; x_wconf 90' lang='lat' dir='ltr'>Nec</span> <span class='ocrx_word' id='word_1_176' title='bbox 481 3160 599 3227; x_wconf 89' lang='lat' dir='ltr'>torpere</span> <span class='ocrx_word' id='word_1_177' title='bbox 612 3150 694 3227; x_wconf 82' lang='lat' dir='ltr'>gravi</span> <span class='ocrx_word' id='word_1_178' title='bbox 707 3168 814 3227; x_wconf 90' lang='lat' dir='ltr'>passus</span> <span class='ocrx_word' id='word_1_179' title='bbox 828 3168 882 3209; x_wconf 87' lang='lat' dir='ltr'>sua</span> <span class='ocrx_word' id='word_1_180' title='bbox 895 3169 986 3227; x_wconf 86' lang='lat' dir='ltr'>regna</span> <span class='ocrx_word' id='word_1_181' title='bbox 998 3160 1128 3211; x_wconf 88' lang='lat' dir='ltr'>veterno.</span> 
     </span>
    </p>

    <p class='ocr_par' dir='ltr' id='par_1_20' title="bbox 401 3243 1380 3415">
     <span class='ocr_line' id='line_1_29' title="bbox 401 3243 1380 3320; baseline 0.001 -18"><span class='ocrx_word' id='word_1_182' title='bbox 401 3245 482 3303; x_wconf 89' lang='lat' dir='ltr'>Ante</span> <span class='ocrx_word' id='word_1_183' title='bbox 494 3245 603 3319; x_wconf 87' lang='lat' dir='ltr'>Jovern</span> <span class='ocrx_word' id='word_1_184' title='bbox 617 3243 691 3302; x_wconf 90' lang='lat' dir='ltr'>nulli</span> <span class='ocrx_word' id='word_1_185' title='bbox 705 3244 882 3320; x_wconf 86' lang='lat' dir='ltr'>subigebant</span> <span class='ocrx_word' id='word_1_186' title='bbox 896 3262 965 3303; x_wconf 86' lang='lat' dir='ltr'>arva</span> <span class='ocrx_word' id='word_1_187' title='bbox 978 3244 1098 3320; x_wconf 87' lang='lat' dir='ltr'>coloni;</span> <span class='ocrx_word' id='word_1_188' title='bbox 1342 3271 1380 3312; x_wconf 66' lang='lat' dir='ltr'>m</span> 
     </span>
     <span class='ocr_line' id='line_1_30' title="bbox 402 3334 1155 3415; baseline 0.001 -19"><span class='ocrx_word' id='word_1_189' title='bbox 402 3338 449 3396; x_wconf 90' lang='lat' dir='ltr'>Ne</span> <span class='ocrx_word' id='word_1_190' title='bbox 464 3334 579 3413; x_wconf 87' lang='lat' dir='ltr'>signare</span> <span class='ocrx_word' id='word_1_191' title='bbox 593 3334 715 3412; x_wconf 90' lang='lat' dir='ltr'>quidem</span> <span class='ocrx_word' id='word_1_192' title='bbox 728 3344 781 3396; x_wconf 81' lang='lat' dir='ltr'>&#39;aut</span> <span class='ocrx_word' id='word_1_193' title='bbox 794 3336 895 3413; x_wconf 85' lang='lat' dir='ltr'>partiri</span> <span class='ocrx_word' id='word_1_194' title='bbox 909 3336 1002 3397; x_wconf 90' lang='lat' dir='ltr'>limite</span> <span class='ocrx_word' id='word_1_195' title='bbox 1016 3356 1155 3415; x_wconf 85' lang='lat' dir='ltr'>campum</span> 
     </span>
    </p>

    <p class='ocr_par' dir='ltr' id='par_1_21' title="bbox 402 3428 1201 3508">
     <span class='ocr_line' id='line_1_31' title="bbox 402 3428 1201 3508; baseline 0.005 -19"><span class='ocrx_word' id='word_1_196' title='bbox 402 3431 461 3489; x_wconf 89' lang='lat' dir='ltr'>Fas</span> <span class='ocrx_word' id='word_1_197' title='bbox 475 3441 556 3489; x_wconf 89' lang='lat' dir='ltr'>erat:</span> <span class='ocrx_word' id='word_1_198' title='bbox 577 3428 608 3487; x_wconf 88' lang='lat' dir='ltr'>in</span> <span class='ocrx_word' id='word_1_199' title='bbox 622 3429 754 3489; x_wconf 89' lang='lat' dir='ltr'>medium</span> <span class='ocrx_word' id='word_1_200' title='bbox 769 3431 958 3506; x_wconf 84' lang='lat' dir='ltr'>quaerebant,</span> <span class='ocrx_word' id='word_1_201' title='bbox 973 3429 1099 3508; x_wconf 89' lang='lat' dir='ltr'>ipsaque</span> <span class='ocrx_word' id='word_1_202' title='bbox 1112 3432 1201 3493; x_wconf 80' lang='lat' dir='ltr'>tellus</span> 
     </span>
    </p>

    <p class='ocr_par' dir='ltr' id='par_1_22' title="bbox 402 3520 1055 3600">
     <span class='ocr_line' id='line_1_32' title="bbox 402 3520 1055 3600; baseline 0.003 -19"><span class='ocrx_word' id='word_1_203' title='bbox 402 3520 513 3581; x_wconf 86' lang='lat' dir='ltr'>Omnia</span> <span class='ocrx_word' id='word_1_204' title='bbox 526 3522 655 3597; x_wconf 92' lang='lat' dir='ltr'>liberius,</span> <span class='ocrx_word' id='word_1_205' title='bbox 671 3524 754 3583; x_wconf 91' lang='lat' dir='ltr'>nullo</span> <span class='ocrx_word' id='word_1_206' title='bbox 767 3533 920 3600; x_wconf 87' lang='lat' dir='ltr'>poscente,</span> <span class='ocrx_word' id='word_1_207' title='bbox 934 3524 1055 3584; x_wconf 86' lang='lat' dir='ltr'>ferebat.</span> 
     </span>
    </p>

    <p class='ocr_par' dir='ltr' id='par_1_23' title="bbox 402 3615 1102 3693">
     <span class='ocr_line' id='line_1_33' title="bbox 402 3615 1102 3693; baseline 0.006 -20"><span class='ocrx_word' id='word_1_208' title='bbox 402 3616 458 3674; x_wconf 92' lang='lat' dir='ltr'>Ille</span> <span class='ocrx_word' id='word_1_209' title='bbox 472 3616 583 3675; x_wconf 87' lang='lat' dir='ltr'>malum</span> <span class='ocrx_word' id='word_1_210' title='bbox 598 3615 676 3676; x_wconf 88' lang='lat' dir='ltr'>virus</span> <span class='ocrx_word' id='word_1_211' title='bbox 690 3615 878 3693; x_wconf 89' lang='lat' dir='ltr'>serpentibus</span> <span class='ocrx_word' id='word_1_212' title='bbox 892 3616 1008 3677; x_wconf 80' lang='lat' dir='ltr'>addidit</span> <span class='ocrx_word' id='word_1_213' title='bbox 1022 3616 1102 3693; x_wconf 86' lang='lat' dir='ltr'>atris,</span> 
     </span>
    </p>

    <p class='ocr_par' dir='ltr' id='par_1_24' title="bbox 403 3708 1382 3881">
     <span class='ocr_line' id='line_1_34' title="bbox 403 3708 1382 3788; baseline 0.004 -23"><span class='ocrx_word' id='word_1_214' title='bbox 403 3708 600 3785; x_wconf 89' lang='lat' dir='ltr'>Praedarique</span> <span class='ocrx_word' id='word_1_215' title='bbox 614 3710 702 3786; x_wconf 86' lang='lat' dir='ltr'>lupos</span> <span class='ocrx_word' id='word_1_216' title='bbox 713 3709 809 3788; x_wconf 82' lang='lat' dir='ltr'>jussit,</span> <span class='ocrx_word' id='word_1_217' title='bbox 823 3720 1009 3787; x_wconf 90' lang='lat' dir='ltr'>pontumque</span> <span class='ocrx_word' id='word_1_218' title='bbox 1023 3712 1144 3786; x_wconf 85' lang='lat' dir='ltr'>moveri,</span> <span class='ocrx_word' id='word_1_219' title='bbox 1343 3740 1382 3779; x_wconf 65' lang='grc' dir='ltr'>ῳ</span> 
     </span>
     <span class='ocr_line' id='line_1_35' title="bbox 403 3800 1125 3881; baseline 0.006 -21"><span class='ocrx_word' id='word_1_220' title='bbox 403 3801 557 3878; x_wconf 88' lang='lat' dir='ltr'>Mellaque</span> <span class='ocrx_word' id='word_1_221' title='bbox 571 3800 702 3862; x_wconf 89' lang='lat' dir='ltr'>decussit</span> <span class='ocrx_word' id='word_1_222' title='bbox 714 3801 802 3877; x_wconf 81' lang='lat' dir='ltr'>soliis,</span> <span class='ocrx_word' id='word_1_223' title='bbox 817 3802 977 3881; x_wconf 82' lang='lat' dir='ltr'>ignemque</span> <span class='ocrx_word' id='word_1_224' title='bbox 991 3804 1125 3879; x_wconf 82' lang='lat' dir='ltr'>removit,</span> 
     </span>
    </p>

    <p class='ocr_par' dir='ltr' id='par_1_25' title="bbox 403 3894 1056 3974">
     <span class='ocr_line' id='line_1_36' title="bbox 403 3894 1056 3974; baseline 0.006 -21"><span class='ocrx_word' id='word_1_225' title='bbox 403 3895 442 3953; x_wconf 91' lang='lat' dir='ltr'>Et</span> <span class='ocrx_word' id='word_1_226' title='bbox 456 3894 568 3971; x_wconf 91' lang='lat' dir='ltr'>passim</span> <span class='ocrx_word' id='word_1_227' title='bbox 583 3894 654 3955; x_wconf 88' lang='lat' dir='ltr'>rivis</span> <span class='ocrx_word' id='word_1_228' title='bbox 669 3894 816 3955; x_wconf 83' lang='lat' dir='ltr'>currentia</span> <span class='ocrx_word' id='word_1_229' title='bbox 827 3896 898 3956; x_wconf 81' lang='lat' dir='ltr'>vina</span> <span class='ocrx_word' id='word_1_230' title='bbox 910 3897 1056 3974; x_wconf 76' lang='lat' dir='ltr'>repressit,</span> 
     </span>
    </p>

    <p class='ocr_par' dir='ltr' id='par_1_26' title="bbox 403 3988 1111 4052">
     <span class='ocr_line' id='line_1_37' title="bbox 403 3988 1111 4052; baseline 0.007 -5"><span class='ocrx_word' id='word_1_231' title='bbox 403 3988 448 4048; x_wconf 93' lang='lat' dir='ltr'>Ut</span> <span class='ocrx_word' id='word_1_232' title='bbox 461 3988 555 4049; x_wconf 85' lang='lat' dir='ltr'>varias</span> <span class='ocrx_word' id='word_1_233' title='bbox 569 4007 641 4050; x_wconf 80' lang='lat' dir='ltr'>usus</span> <span class='ocrx_word' id='word_1_234' title='bbox 654 3988 829 4050; x_wconf 82' lang='lat' dir='ltr'>meditando</span> <span class='ocrx_word' id='word_1_235' title='bbox 843 3990 1020 4051; x_wconf 79' lang='lat' dir='ltr'>extunderet</span> <span class='ocrx_word' id='word_1_236' title='bbox 1032 4000 1111 4052; x_wconf 78' lang='lat' dir='ltr'>artes</span> 
     </span>
    </p>
   </div>
   <div class='ocr_carea' id='block_1_3' title="bbox 0 0 1790 4859">
    <p class='ocr_par' dir='ltr' id='par_1_27' title="bbox 0 0 1790 4859">
     <span class='ocr_line' id='line_1_38' title="bbox 0 0 1790 4859; baseline 0 0"><span class='ocrx_word' id='word_1_237' title='bbox 0 0 1790 4859; x_wconf 95' lang='lat' dir='ltr'> </span> 
     </span>
    </p>
   </div>
  </div>
 </body>
</html>
