3550 4859
398 544 454 621 1²⁸
710 559 735 603 a.
755 558 889 603 vinoun
912 557 1055 603 unnours

396 709 462 766 Nec
477 705 579 765 dulces
594 714 689 779 natos,
704 703 830 765 Veneris
844 724 901 764 nec
916 703 1048 782 praemia
1062 700 1163 763 noris?

396 800 434 859 Id
449 799 578 859 cinerem
592 809 643 857 aut
658 800 766 857 Manes
780 796 876 857 credis
891 816 993 857 curare
1009 797 1160 873 sepultos?

396 896 480 966 Esto,
505 911 622 970 aegram
640 889 713 949 nulli
728 890 881 967 quondam
895 890 1003 949 flexere
1018 888 1123 962 mariti,
1301 927 1304 931 -
1350 917 1372 957 a

396 988 467 1045 Non
483 984 604 1061 Libyae,
620 1002 681 1043 uon
697 994 766 1043 ante
780 985 880 1059 Tyr03
901 982 1060 1060 despectus
1075 983 1178 1042 Iarbas

397 1081 604 1153 Ductoresque
618 1075 676 1150 alii,
692 1094 768 1152 quos
782 1074 884 1135 Africa
898 1086 974 1135 terra
988 1074 1144 1152 triumphis

397 1170 490 1230 Dives
504 1169 574 1229 alit:
594 1169 744 1247 placitone
759 1168 849 1228 etiam
863 1168 1011 1245 pugnabis
1025 1168 1139 1229 amori?

397 1266 463 1324 Nec
477 1261 558 1322 venit
573 1261 602 1321 in
618 1272 757 1335 mentem,
773 1279 901 1338 quorum
915 1260 1087 1321 consederis
1100 1260 1197 1322 arvis?

397 1356 480 1416 Hinc
495 1356 639 1435 Gaetulae
654 1355 751 1428 urbes,
766 1373 860 1431 genus
874 1354 1074 1432 insuperabile
1088 1351 1177 1429 bello,
1347 1384 1374 1421 φ

397 1452 436 1509 Et
451 1448 601 1508 Numidae
615 1446 721 1507 infreni
735 1447 858 1524 cingunt
872 1458 903 1508 et
917 1447 1066 1525 inhospita
1080 1446 1191 1526 Syrtis3

398 1542 481 1603 Hinc
497 1514 614 1602 deserta
628 1540 676 1599 siti
689 1539 780 1617 regio,
796 1541 914 1617 lateque
929 1542 1060 1601 furentes

398 1634 526 1695 Barcaei.
570 1633 652 1709 Quid
665 1634 746 1694 bella
758 1636 839 1712 Tyro
854 1634 1002 1711 surgentia
1016 1633 1122 1709 dicam,

397 1726 599 1803 Germanique
612 1726 728 1787 minas?
891 1737 893 1742 '

399 1821 455 1881 Dis
469 1820 609 1898 equidem
624 1820 792 1898 auspicibus
805 1839 872 1880 reor
885 1832 916 1882 et
929 1822 1049 1897 Junone
1064 1820 1196 1881 secunda
1350 1849 1375 1888 u

399 1917 492 1973 Hunc
506 1932 624 1973 cursum
639 1912 746 1973 Iliacas
759 1924 850 1973 vento
864 1914 996 1974 tenuisse
1010 1913 1131 1974 carinas.

398 2007 497 2081 Quam
512 2016 545 2067 tu
558 2006 671 2079 urbem,
687 2025 777 2081 soror,
792 2007 871 2067 hanc
884 2025 996 2081 cernes,
1009 2024 1089 2084 quae
1103 2025 1220 2085 surgere
1234 2024 1327 2085 regna

398 2097 549 2176 Conjugio
563 2098 631 2159 tali!
652 2101 800 2159 Teucrum
815 2099 1026 2160 comitantibus
1040 2099 1128 2160 armis
1378 2113 1381 2118 ’

399 2191 514 2251 Punica
527 2210 559 2251 se
574 2192 692 2269 quantis
706 2193 821 2253 attollet
834 2192 929 2270 gloria
941 2194 1047 2253 rebus!

398 2288 447 2345 Tu
462 2286 554 2346 modo
568 2305 660 2363 posce
674 2287 748 2346 deos
762 2285 890 2360 veniam,
906 2285 1055 2363 sacrisque
1069 2285 1159 2347 litatis
1230 2323 1234 2329 .
1353 2316 1379 2355 ,ο

399 2378 527 2456 Indulge
541 2378 681 2457 hospitio,
696 2397 875 2457 caussasque
890 2378 1008 2440 innecte
1022 2378 1168 2453 morandi,

399 2472 481 2531 Dum
496 2472 602 2549 pelago
617 2470 748 2532 desaevit
762 2471 857 2532 hiems
871 2481 902 2532 et
915 2491 1046 2549 aquosus
1060 2472 1163 2547 Orion,

399 2566 624 2642 Quassataeque
638 2576 725 2639 rates,
741 2566 812 2625 dum
827 2583 888 2624 non
904 2566 1058 2626 tractabile
1073 2566 1200 2626 coelum.

440 2657 501 2718 His
515 2658 602 2717 dictis
616 2657 770 2718 incensum
785 2656 918 2717 animum
931 2658 1126 2719 inflammavit
1139 2677 1251 2732 amore,

398 2752 549 2829 Spemque
563 2750 647 2811 dedit
661 2749 769 2811 dubiae
783 2749 885 2825 menti,
901 2750 1047 2828 solvitque
1062 2752 1215 2828 pudorem.
1354 2782 1378 2821 ss

399 2842 551 2921 Principio
565 2844 688 2904 delubra
702 2838 822 2917 adeunt,
836 2862 1003 2921 pacemque
1017 2864 1071 2922 per
1083 2863 1149 2904 aras

400 2937 586 3014 Exquinmt3
605 2946 738 2996 mactant
751 2937 844 2997 lectas
857 2938 897 2997 de
911 2955 992 2999 more
1006 2938 1144 2999 bidentes

400 3030 553 3107 Legiferae
569 3028 670 3090 Cereri
685 3030 869 3107 Phoeboque
883 3030 1018 3107 patrique
1033 3032 1143 3109 Lyaeo,

399 3122 512 3200 Junoni
526 3132 595 3182 ante
610 3140 723 3197 omnes,
739 3124 787 3183 cui
800 3122 900 3183 vincla
912 3124 1022 3201 jugalia
1035 3143 1134 3185 curae.

400 3218 480 3293 Ipsa,
496 3225 601 3275 tenens
615 3216 719 3275 dextra
731 3226 873 3292 pateram,
888 3216 1086 3293 pulcherrima
1101 3217 1183 3278 Dido
1353 3234 1378 3277 a

400 3308 565 3370 Candentis
577 3312 686 3369 vaccae
700 3308 800 3369 media
813 3309 889 3369 inter
902 3328 1015 3370 cornua
1027 3309 1133 3385 fundit,

399 3404 462 3461 Aut
475 3412 545 3462 ante
560 3420 612 3461 ora
625 3402 715 3461 deum
728 3400 854 3479 pingues
867 3402 1012 3480 spatiatur
1025 3404 1063 3463 ad
1078 3422 1152 3477 aras,

399 3497 609 3571 Instauratque
622 3493 702 3554 diem
717 3494 813 3569 donis,
828 3496 1039 3573 pecudumque
1052 3494 1176 3556 reclusis

400 3586 574 3648 Pectoribus
589 3585 706 3647 inhians
720 3579 861 3665 spirantia
873 3588 1003 3649 consulit
1017 3599 1093 3650 exta

400 3684 472 3743 Heu
486 3690 587 3740 vatum
602 3678 720 3757 ignarae
734 3684 866 3742 mentes!
908 3681 991 3758 Quid
1004 3692 1075 3742 vota
1087 3683 1243 3757 furentem,
1349 3701 1371 3753 σς

400 3773 482 3849 Quid
497 3773 621 3834 delubra
632 3774 756 3851 juvant?
797 3776 851 3835 Est
859 3775 968 3836 molles
976 3774 1099 3835 flamma
1111 3772 1257 3836 medullas

401 3857 528 3941 Interea,
543 3877 574 3926 et
588 3865 710 3926 tacitum
723 3865 795 3927 vivit
809 3869 865 3929 sub
878 3879 1001 3946 pectore
1014 3869 1129 3929 vulnus.

401 3958 505 4022 Uritur
514 3958 615 4019 infelix
630 3958 713 4020 Dido
726 3969 850 4037 totaque
861 3972 986 4042 vagatur
