3550 4859
398 558 455 635 138
711 574 738 617 r.
757 570 891 616 vrnoruu
912 569 1056 615 urmes

396 718 525 779 Prodere
540 736 615 778 voce
629 737 683 778 sua
696 735 877 794 quemquam
892 726 943 776 aut
956 734 1109 792 opponere
1123 712 1219 778 morti
1268 717 1272 723 ’

395 810 455 870 Vix
469 812 599 885 tandem,
616 810 731 889 magnis
746 810 843 869 Ithaci
857 807 1036 869 clamoribus
1049 820 1141 883 actus,

396 903 576 981 Composito
590 903 699 980 rumpit
712 922 827 977 vocem,
841 913 874 962 et
886 921 935 962 me
950 900 1079 961 destinat
1093 921 1171 972 arae

395 997 565 1057 Adsensere
580 1015 694 1070 omnes,
710 1007 748 1070 et,
764 1015 840 1072 quae
855 994 912 1055 s'ibi
927 995 1053 1071 quisque
1066 994 1201 1071 timebat,
1340 1021 1381 1063 rae

396 1089 496 1150 Unius
510 1088 541 1148 in
556 1089 653 1149 miseri
667 1090 789 1148 exitium
804 1107 950 1149 conversa
962 1089 1063 1149 tulere.

394 1185 523 1261 Jamque
539 1170 739 1242 dies'insanda
752 1182 874 1256 aderat,
895 1180 967 1240 mihi
982 1200 1066 1241 sacra
1079 1180 1183 1259 parari,

397 1278 436 1335 Et
450 1276 545 1335 salsae
560 1277 666 1352 smges,
682 1286 712 1335 et
726 1274 835 1335 circum
851 1285 986 1351 tempora
999 1275 1099 1335 vittae.

397 1368 507 1448 Eripui,
524 1370 625 1442 fateor,
641 1370 701 1428 leto
715 1387 772 1441 me,
788 1378 819 1428 et
831 1367 951 1427 vincula
965 1367 1039 1445 rupi,

397 1461 579 1539 Limosoque
593 1463 660 1521 lacu
674 1481 727 1539 per
740 1471 861 1520 noctem
875 1462 1019 1521 obscurus
1034 1461 1064 1520 in
1078 1461 1149 1522 ulva
1340 1485 1379 1528 ras

397 1554 519 1628 Delitui,
535 1556 606 1615 dum
620 1557 686 1614 vela
699 1556 812 1628 darent,
828 1553 854 1614 si
868 1555 943 1615 sorte
958 1554 1119 1615 dedissent
1177 1599 1180 1607 .

397 1650 463 1708 Nec
476 1648 549 1707 mihi
561 1650 623 1725 jam
637 1648 763 1725 patriam
778 1647 932 1725 antiquam
947 1668 1016 1726 spes
1030 1650 1093 1708 ulla
1103 1644 1236 1724 videndi,

397 1743 464 1801 Nec
479 1742 581 1801 dulces
595 1752 684 1801 natos
698 1752 930 1819 exoptatumque
939 1741 1118 1819 parentem,
1219 1771 1222 1775 ·

396 1835 483 1909 Quos
497 1834 539 1893 illi
553 1836 612 1894 sors
626 1845 656 1895 et
670 1854 785 1912 poenas
800 1838 840 1895 ob
854 1846 957 1895 nostra
970 1846 1127 1912 reposcent
1319 1903 1323 1910 ¹

398 1927 521 2005 Effugia,
537 1938 567 1988 et
581 1928 700 2004 culpam
714 1930 792 1989 hanc
806 1928 981 1988 miserorum
995 1939 1090 1989 morte
1104 1928 1238 2006 piabunt.
1340 1951 1380 1995 ψ

397 2022 489 2095 Quod
503 2031 533 2080 te
547 2040 601 2098 per
614 2040 738 2099 superos
752 2033 782 2082 et
796 2021 919 2082 conscia
932 2022 1055 2081 numina
1068 2020 1137 2095 veri,

397 2116 462 2188 Per,
478 2114 504 2174 si
519 2125 644 2189 quaest,
660 2134 737 2192 quae
751 2126 842 2176 restet
857 2115 955 2175 adhuc
972 2115 1146 2175 mortalibus
1160 2132 1287 2193 usquam

398 2210 579 2267 Intemerata
592 2209 675 2282 fides,
691 2227 753 2283 oro,
767 2209 909 2269 miserere
922 2209 1058 2268 laborum

397 2303 570 2375 Tantorum,
586 2301 724 2362 miserere
739 2302 830 2362 animi
843 2287 911 2363 non¹
920 2301 1012 2379 digna
1024 2298 1151 2362 serentis

438 2394 498 2453 His
515 2393 643 2454 lacrimis
657 2395 749 2455 vitam
764 2396 877 2468 damus,
894 2406 924 2455 et
938 2395 1155 2455 miserescimus
1167 2394 1254 2455 ultro.
1342 2416 1381 2459 us

397 2489 468 2564 Ipse
482 2487 546 2546 viro
560 2488 672 2564 primus
685 2488 819 2548 manicas
833 2499 924 2565 atque
938 2499 1001 2548 arta
1015 2487 1105 2547 levari

396 2579 506 2639 Vincla
516 2581 603 2660 jubet
618 2582 759 2655 Priamus,
776 2581 922 2657 dictisque
936 2581 977 2640 ita
990 2582 1067 2640 fatur
1079 2579 1201 2641 amicis:

353 2753 354 2756 Ἴ
397 2672 541 2749 Quisquis
555 2692 596 2747 es,
612 2674 737 2734 amissos
751 2675 896 2753 hincjam
910 2674 1085 2735 obliviscere
1099 2673 1226 2748 Graios3

397 2768 509 2827 Noster
522 2767 588 2841 eris,
604 2766 735 2843 mihique
750 2768 825 2827 haec
840 2767 968 2827 edissere
982 2787 1052 2827 vera
1065 2767 1199 2844 roganti:

397 2860 468 2935 Quo
482 2862 593 2920 molem
607 2861 686 2919 hanc
700 2859 837 2920 immanis
852 2860 921 2937 equi
936 2862 1083 2921 statuere?
1103 2860 1170 2937 quis
1183 2861 1309 2919 auctori
1343 2859 1382 2927 rai

396 2954 517 3029 Quidve
532 2957 657 3031 petunt?
678 2973 755 3030 quae
769 2954 892 3031 religio?
912 2965 964 3015 aut
977 2974 1054 3032 quae
1067 2954 1207 3016 machina
1219 2952 1313 3015 bellil
1351 2983 1354 2987 *

398 3048 530 3107 Dixerat
574 3048 639 3121 Ille,
656 3046 733 3106 dolis
747 3048 905 3108 instructus
920 3057 950 3108 et
963 3058 1025 3108 arte
1040 3047 1172 3125 Pelasga,
1202 3113 1205 3118 ,

397 3139 520 3200 Sustulit
534 3150 636 3199 exutas
649 3140 756 3200 vinclis
769 3141 809 3199 ad
824 3140 921 3201 sidera
934 3142 1068 3218 palmas:

396 3234 470 3306 Vos,
486 3233 600 3293 aeterni
613 3233 705 3310 ignes,
721 3243 752 3293 et
765 3252 828 3294 non
841 3233 981 3294 violabile
995 3244 1125 3294 vestrum

397 3328 506 3386 Testor
519 3346 639 3400 numen,
655 3327 704 3400 ait,
720 3345 774 3387 vos
788 3346 856 3387 arae
871 3346 1017 3404 ensesque
1032 3325 1162 3400 nefandi,
1343 3352 1381 3394 235

397 3420 484 3494 Quos
497 3420 567 3497 fugi,
582 3421 733 3497 vittaeque
747 3421 846 3494 deum,
862 3439 937 3496 quas
951 3420 1049 3481 hostia
1061 3419 1158 3497 gessi:

398 3514 456 3572 Fas
469 3512 543 3571 mihi
557 3513 714 3573 Graiorum
728 3524 842 3575 sacrata
855 3501 1004 3573 resolvere
1016 3514 1090 3589 jura,

398 3607 456 3665 Fas
470 3605 569 3666 odisse
584 3606 670 3680 viros,
686 3617 776 3683 atque
790 3604 892 3665 omnia
905 3607 979 3666 ferre
994 3608 1050 3668 sub
1065 3624 1159 3679 auras,

397 3698 427 3759 Si
442 3718 502 3775 qua
515 3710 638 3777 tegunt3
658 3710 762 3759 teneor
775 3698 887 3776 patriae
902 3718 959 3759 nec
973 3699 1089 3777 legibus
1102 3697 1179 3759 ullis.

397 3794 445 3851 'l'u
459 3793 550 3852 modo
564 3791 718 3870 promissis
729 3811 859 3866 maneas,
876 3802 1051 3870 servataque
1065 3810 1164 3852 serves
1342 3805 1378 3847 :sa

396 3883 489 3964 Troja
501 3885 600 3959 fidem,
617 3885 641 3944 si
654 3903 724 3945 vera
738 3886 837 3958 ieram,
853 3885 878 3944 si
893 3904 1002 3962 magna
1015 3885 1185 3962 rependam.

439 3976 546 4039 Omnis
559 3997 629 4055 spes
644 3980 783 4038 Danum
796 3987 828 4039 et
840 3977 941 4057 coepti
954 3977 1065 4040 fiducia
1075 3975 1148 4039 belli
