3550 4859
752 590 1035 636 munzuns

407 735 531 798 Moenia
546 737 761 812 Romanosque
776 755 830 796 suo
844 737 883 797 de
897 736 1019 797 nomine
1033 736 1122 798 dicet.

406 831 466 892 His
480 849 537 908 ego
551 849 608 890 nec
621 838 717 888 metas
732 848 828 889 rerum
842 849 899 889 nec
914 841 1050 906 tempora
1062 849 1164 907 pono;

406 923 569 1002 Imperium
583 922 647 983 sine
661 923 720 981 fine
734 922 813 982 dedi.
857 923 940 996 Quin
954 943 1060 1000 aspera
1072 925 1162 998 Juno,

406 1019 491 1092 Quae
505 1036 586 1076 mare
601 1033 680 1075 nunc
694 1025 844 1091 terrasque
859 1026 941 1075 metu
955 1016 1132 1092 coelumque
1145 1015 1258 1094 fatigat,

406 1109 539 1171 Consilia
552 1109 583 1168 in
597 1108 703 1169 melius
716 1109 830 1182 referet,
847 1128 1025 1185 mecumque
1039 1108 1153 1169 fovebit

406 1204 569 1276 Romanos,
584 1221 682 1263 renim
696 1201 844 1275 dominos,
860 1212 1039 1278 gentemque
1054 1212 1193 1278 togatam

405 1296 454 1357 Sic
467 1295 617 1374 placitum.
654 1294 762 1356 Veniet
777 1294 875 1354 lustris
889 1295 1059 1354 labentibus
1072 1306 1164 1369 aetas,

403 1389 504 1463 Quum
515 1389 622 1448 domus
632 1385 769 1447 Assaraci
780 1387 918 1447 Phthiam
925 1389 1078 1465 clarasque
1094 1391 1239 1466 Mycenas

406 1481 532 1542 Servitio
546 1493 660 1559 premet
674 1499 709 1542 ac
722 1481 808 1542 victis
823 1481 1026 1542 dominabitur
1038 1481 1134 1557 Argis

405 1577 553 1635 Nascetur
566 1575 689 1652 pulchra
702 1577 850 1651 Trojanus
865 1574 978 1654 origine
994 1576 1112 1647 Caesar,

405 1668 567 1745 Imperium
582 1670 716 1742 Oceano,
731 1671 841 1728 samam
856 1668 908 1745 qni
922 1667 1060 1728 terminet
1073 1666 1167 1742 astris,

403 1761 508 1838 Julius,
524 1780 542 1821 a
556 1780 664 1838 magno
678 1761 840 1823 demissum
856 1781 967 1822 nomen
982 1763 1058 1822 Iulo.

408 1856 498 1915 Hunc
513 1865 545 1915 tu
560 1854 632 1914 olim
646 1857 741 1929 coelo,
757 1855 860 1932 spoliis
874 1855 1006 1916 Orientis
1021 1865 1170 1929 onustum,

405 1947 544 2026 Accipies
559 1967 679 2022 secura;
696 1948 850 2008 vocabitur
863 1948 912 2008 hic
927 1967 1048 2024 quoque
1061 1947 1146 2007 votis.

404 2041 520 2119 Aspera
532 2052 596 2101 tum
610 2041 715 2120 positis
729 2042 886 2103 mitescent
901 2042 1002 2102 secula
1015 2040 1121 2116 bellis3

405 2135 490 2196 Cana
504 2134 604 2209 Fides,
619 2145 649 2194 et
663 2137 765 2208 Vesta,
780 2137 880 2194 Remo
894 2154 962 2194 cum
977 2136 1063 2194 fratre
1078 2132 1229 2209 Quirinus,

403 2230 475 2305 Jura
489 2228 623 2303 dabunt,
642 2227 723 2288 dirae
737 2229 814 2288 ferro
828 2238 858 2288 et
872 2227 1066 2306 compagibus
1080 2227 1150 2289 artis

405 2321 589 2382 Claudentur
603 2320 677 2381 Belli
691 2332 794 2399 portae
805 2344 814 2396 3
835 2323 931 2382 Furor
944 2320 1052 2399 impius
1065 2320 1145 2382 intus

404 2415 498 2475 Saeva
512 2415 619 2474 sedens
633 2433 722 2492 super
736 2434 817 2475 arma
831 2426 861 2475 et
875 2427 995 2476 centum
1010 2415 1125 2476 vinctus
1139 2414 1223 2477 aenis

405 2509 478 2567 Post
491 2517 606 2585 tergum
618 2508 707 2568 nodis
720 2509 826 2569 fremet
839 2509 975 2569 horridus
988 2528 1039 2568 ore
1052 2520 1185 2570 cruento.

445 2602 532 2660 Haec
547 2600 596 2675 ait,
612 2611 642 2661 et
656 2601 741 2661 Maia
753 2601 886 2678 genitum
902 2601 1031 2662 demittit
1045 2604 1084 2661 ab
1098 2603 1169 2675 alto,

404 2695 450 2755 Ut
463 2703 567 2768 terrae,
581 2703 674 2771 utque
688 2714 784 2754 novae
798 2705 922 2771 pateant
937 2694 1128 2771 Karthaginis
1143 2713 1226 2755 arces

404 2786 549 2864 Hospitio
563 2787 693 2862 Teucris,
709 2806 748 2847 ne
761 2787 814 2848 sati
828 2787 930 2846 nescia
944 2787 1027 2847 Dido
1080 2832 1082 2834 -

404 2879 528 2940 Finibus
542 2890 660 2942 arceret
698 2881 789 2940 Volat
802 2879 852 2940 ille
866 2899 919 2957 per
933 2883 1002 2940 aera
1015 2899 1155 2957 magnum

403 2973 544 3051 Remigio
558 2975 678 3047 alarum,
695 2993 730 3033 ac
744 2973 857 3051 Libyae
871 2973 948 3034 citus
961 2974 1076 3034 adstitit
1089 2974 1156 3035 oris

403 3067 443 3125 Et
455 3069 518 3143 jam
530 3068 613 3143 jussa
626 3066 705 3140 facit,
719 3077 896 3144 ponuntque
910 3067 1021 3128 ferocia
1035 3067 1130 3128 Poeni

403 3159 506 3220 Corda
519 3160 637 3219 volente
652 3160 710 3220 deo
720 3181 730 3234 3
749 3159 781 3219 in
795 3160 898 3237 primis
911 3160 1015 3237 regina
1027 3161 1160 3237 quietum

402 3251 524 3329 Accipit
538 3251 568 3311 in
583 3255 716 3312 Teucros
730 3253 862 3316 animum
876 3266 1068 3330 mentemque
1081 3253 1251 3332 benignam.

443 3348 486 3405 At
500 3344 567 3423 pius
582 3348 709 3420 Aeneas,
725 3365 779 3423 per
792 3357 913 3406 noctem
927 3348 1054 3424 plurima
1067 3348 1199 3420 volvens,

402 3439 447 3499 Ut
461 3438 588 3516 primum
603 3439 654 3497 lux
667 3439 747 3498 alma
760 3440 831 3500 data
844 3449 898 3512 est,
914 3439 992 3499 exire
1006 3440 1150 3516 locosque

400 3532 563 3609 Explorate
579 3551 681 3605 novos
697 3551 771 3608 quas
785 3542 875 3592 vento
891 3531 1049 3592 accesserit
1062 3551 1137 3606 oras,

400 3623 462 3700 Qui
477 3634 607 3698 teneant,
622 3643 693 3683 nam
706 3624 818 3685 inculta
831 3625 923 3699 videt,
936 3625 1113 3686 hominesne
1126 3627 1254 3700 seraene,

400 3718 551 3793 Quaerere
565 3717 726 3792 constituit,
743 3717 891 3795 sociisque
905 3729 1010 3779 exacta
1022 3720 1138 3779 referre

400 3811 537 3871 Classem
551 3810 583 3870 in
597 3829 733 3871 convexo
746 3830 902 3871 nouorum
916 3813 971 3872 snb
984 3832 1057 3889 rupe
1071 3822 1176 3872 cavata

398 3902 564 3964 Arboribus
578 3905 710 3964 clausam
723 3903 834 3965 circum
848 3915 939 3982 atque
953 3905 1140 3965 horrentibus
1153 3905 1266 3967 umbris

400 3995 522 4059 Ooculit
531 4019 541 4074 5
560 3997 626 4076 ipse
638 4016 702 4060 uuo
713 3997 845 4076 graditur
858 3997 1017 4059 comitatus
1030 3999 1156 4074 Achate,
