3550 4859
664 566 847 612 oltomcon
870 567 929 610 ΗΒ.
949 567 981 610 ll.

335 710 467 773 Sufficiet
482 711 600 771 Baccho
614 709 698 784 vites,
714 710 762 771 hic
777 710 879 771 fertilis
894 730 977 785 uvae,

336 804 398 865 Hic
413 804 517 878 laticis,
533 804 651 882 qualem
665 804 774 881 pateris
788 804 915 865 libamus
928 816 959 865 et
973 824 1053 878 auro,

335 898 456 978 Inflavit
470 917 562 975 quum
576 896 694 974 pinguis
709 900 781 957 ebur
794 898 964 976 Tyrrhenus
978 900 1018 959 ad
1031 917 1097 959 aras

335 991 487 1052 Lancibus
502 1003 531 1051 et
544 990 652 1068 pandis
666 990 810 1051 fumantia
823 991 975 1052 reddimus
989 1003 1076 1053 extat

334 1083 386 1145 Sin
401 1095 535 1144 armenta
548 1083 641 1160 magis
655 1083 786 1143 studium
800 1083 967 1161 vitulosque
982 1085 1064 1159 tueri,

336 1181 398 1237 Aut
412 1178 489 1237 setus
503 1177 613 1249 ovium,
628 1187 679 1236 aut
693 1188 812 1236 urentes
826 1178 907 1236 culta
920 1180 1057 1255 capellas,

337 1271 436 1331 Saltus
451 1279 481 1330 et
495 1268 591 1330 saturi-
599 1269 694 1346 petito
708 1269 872 1346 longinqua
885 1271 1015 1345 Tarenti,

337 1365 374 1423 Et
388 1365 508 1441 qualem
522 1362 623 1422 infelix
636 1361 734 1422 amisit
749 1365 877 1423 Mantua
889 1383 1036 1441 campum,

337 1459 513 1517 Pascentem
528 1456 631 1515 niveos
645 1456 773 1516 herboso
788 1455 909 1515 flumine
923 1476 1052 1535 cycnos:
1076 1516 1079 1522 .

337 1552 406 1610 Non
422 1549 527 1629 liquidi
539 1549 676 1626 gregibus
691 1550 797 1622 sontes,
812 1568 873 1608 non
887 1549 1020 1626 gramina
1033 1551 1166 1626 deerunt,
1276 1581 1313 1609 ιω

336 1644 382 1716 Et,
399 1655 541 1719 quantum
556 1641 652 1719 longis
666 1653 789 1718 carpent
802 1654 935 1703 armenta
949 1643 1063 1717 diebus

337 1735 450 1813 Exigua
464 1746 579 1796 tantum
592 1735 707 1812 gelidus
720 1755 768 1795 ros
782 1747 871 1796 nocte
886 1749 1018 1813 reponet.

337 1828 429 1907 Nigra
443 1829 503 1889 sere
518 1840 548 1889 et
562 1848 663 1906 presso
678 1828 795 1906 pinguis
809 1831 865 1889 sub
879 1849 999 1889 vomere
1014 1841 1099 1903 terra,

337 1925 373 1983 Et
387 1922 435 1983 cui
450 1933 534 1999 putre
548 1923 653 1996 solum,
662 1941 841 1999 —namque
855 1923 913 1982 hoc
928 1922 1076 1983 imitamur
1090 1925 1252 2006 arando-

336 2015 458 2093 Optima
471 2016 623 2077 frumentis
635 2037 643 2089 3
663 2034 725 2074 non
739 2016 800 2074 ullo
816 2035 853 2075 ex
866 2035 994 2092 aequore
1009 2036 1119 2099 cernes
1273 2047 1310 2085 ως

336 2110 422 2169 Plura
436 2109 559 2168 domum
573 2107 663 2168 tardis
678 2108 822 2168 decedere
837 2110 968 2185 plaustra
978 2110 1132 2188 juvencis;
1161 2103 1164 2109 ’

335 2205 396 2262 Aut
410 2202 490 2262 unde
505 2200 595 2261 iratus
610 2201 714 2261 silvam
728 2202 846 2262 devexit
860 2213 957 2262 arator

335 2297 372 2356 Et
386 2315 510 2355 nemora
523 2295 627 2355 evertit
643 2296 753 2354 multos
767 2295 873 2372 ignava
887 2315 939 2372 per
954 2316 1056 2369 annos,

333 2388 539 2465 Antiquusque
554 2389 661 2447 domos
677 2387 776 2447 avium
790 2408 858 2447 cum
873 2388 1011 2466 stirpibus
1025 2389 1092 2449 imis

334 2481 436 2556 Emit;
456 2481 524 2541 illae
539 2482 631 2540 altum
645 2480 723 2540 nidis
738 2482 849 2558 petiere
864 2482 992 2556 relictis3

333 2578 374 2635 At
387 2575 470 2634 rudis
485 2573 589 2634 enituit
603 2574 731 2651 impulso
746 2593 864 2636 vomere
879 2595 1024 2653 campusq

334 2670 411 2727 Nam
423 2669 528 2747 jejuna
542 2666 664 2745 quidem
678 2667 781 2727 clivosi
795 2669 895 2744 glarea
908 2669 981 2729 ruris

331 2756 390 2820 vi'x
404 2760 532 2821 humiles
546 2760 652 2837 apibus
666 2760 760 2820 casias
775 2780 931 2838 roremque
945 2762 1109 2839 ministrat3

326 2857 370 2929 ,m
384 2855 463 2915 tofus
478 2855 589 2928 scaber,
605 2865 635 2914 et
649 2853 738 2931 nigris
752 2874 840 2914 exesa
853 2855 1001 2933 chelydris

331 2950 421 3009 Creta
434 2958 545 3025 negant
559 2947 633 3007 alios
647 2965 742 3023 aeque
757 2948 942 3025 serpentibus
956 2967 1043 3026 agros
1273 2980 1310 3017 ιι,

331 3043 459 3102 Dulcem
474 3043 547 3101 serre
561 3040 662 3101 cibum
677 3051 706 3100 et
720 3060 824 3101 curvas
838 3044 980 3119 praebere
995 3043 1129 3103 latebras.

329 3135 417 3209 Quae
431 3145 552 3194 tenuem
567 3135 684 3193 exhalat
698 3136 838 3195 nebulam
852 3137 1009 3212 fumosque
1023 3137 1167 3210 volucres

330 3230 371 3287 Et
383 3227 460 3288 bibit
474 3228 637 3301 humorem,
653 3238 684 3288 et
698 3247 790 3305 quum
804 3229 875 3303 v'ult,
892 3248 929 3288 ex
943 3248 974 3288 se
989 3228 1054 3305 ipsa
1067 3229 1196 3305 remittit,

329 3322 460 3397 Quaque
474 3339 528 3380 suo
542 3340 662 3398 semper
674 3321 776 3382 viridis
791 3342 823 3382 se
836 3322 968 3398 gramine
982 3321 1078 3395 vestit,

329 3415 396 3474 Nec
411 3413 512 3474 scabie
525 3425 556 3475 et
570 3416 647 3475 salsa
660 3416 751 3475 laedit
766 3415 900 3492 robigine
914 3415 1030 3500 ferrum,

327 3507 388 3567 Illa
401 3506 456 3567 tibi
470 3507 555 3568 laetis
569 3508 680 3570 intexet
694 3509 803 3581 vitibus
818 3510 923 3581 ulmos,

328 3601 388 3661 Illa
401 3602 483 3661 ferax
496 3602 580 3662 oleae
595 3613 648 3676 est,
663 3604 746 3661 illam
760 3600 909 3679 experiere
924 3602 1053 3662 colendo

328 3696 369 3755 Et
382 3694 501 3755 facilem
515 3696 616 3773 pecori
631 3706 661 3755 et
675 3696 838 3772 patientem
852 3694 980 3754 vomeris
994 3695 1071 3755 unci

328 3789 436 3847 'l’alem
450 3788 534 3850 dives
548 3800 611 3848 arat
626 3790 731 3864 Capua
744 3798 774 3847 et
788 3787 886 3846 vicina
898 3789 1018 3848 Vesevo

328 3882 393 3943 Ora
402 3882 476 3961 jugo
487 3892 516 3942 et
530 3881 631 3941 vacuis
646 3881 769 3941 Clanius
784 3899 845 3940 non
860 3899 972 3957 aequus
987 3878 1110 3964 Acerris.
1272 3910 1308 3947 ης

371 3977 470 4049 Nunc,
486 3993 547 4052 quo
561 3992 710 4051 quamque
724 3973 817 4034 modo
830 3972 927 4050 possis
942 3991 1131 4051 cognoscere,
1146 3972 1252 4036 dicam.
