3550 4859
748 582 907 628 &HEIDOS
928 583 987 628 ua
1011 584 1031 628 1.

403 729 520 809 Impius
534 739 605 790 ante
618 747 683 789 aras
696 738 788 806 atque
801 727 865 791 auri
878 747 986 790 caecus
999 749 1100 791 amore

403 826 491 887 Clam
505 824 581 884 ferro
595 822 747 883 incautum
764 833 891 900 superat,
908 841 1028 884 securus
1041 842 1177 884 amorum

403 921 591 990 Germanae3
610 917 782 992 factumque
796 917 847 977 diu
862 917 977 990 celavit,
993 927 1024 976 et
1037 935 1163 993 aegram,

403 1012 502 1070 Multa
515 1011 612 1069 malus
626 1009 775 1084 simulans,
790 1029 869 1069 vana
882 1029 936 1087 spe
950 1010 1019 1069 lusit
1033 1021 1192 1070 amantem.

402 1107 475 1182 Ipsa
489 1101 589 1163 sedin
603 1102 717 1162 somnis
730 1103 877 1163 inhumati
890 1104 973 1163 venit
987 1103 1087 1182 imago

402 1196 558 1273 Conjugis,
574 1213 627 1255 ora
639 1195 739 1255 modis
753 1197 892 1256 attollens
905 1196 1018 1273 pallida
1030 1196 1111 1256 miris
1121 1219 1131 1271 3
1235 1242 1247 1266 ,

402 1290 546 1350 Crudeles
561 1308 626 1348 aras
640 1289 822 1367 trajectaque
836 1300 959 1365 pectora
972 1290 1048 1349 ferro

402 1382 544 1458 Nudavit,
561 1400 744 1458 caecumque
759 1382 866 1441 domus
880 1384 976 1442 scelus
991 1402 1080 1443 omne
1094 1381 1209 1444 retexit.

400 1479 480 1536 Tum
495 1477 623 1535 celerare
638 1476 737 1552 sugam
751 1475 905 1552 patriaque
919 1476 1062 1536 excedere
1076 1476 1190 1551 suadet,

400 1569 613 1644 Auxiliumque
627 1567 694 1627 viae
706 1579 822 1628 veteres
835 1569 939 1627 tellure
954 1568 1079 1629 recludit

400 1663 579 1736 Thesauros,
594 1661 730 1740 ignotum
743 1661 857 1737 argenti
871 1662 990 1737 pondus
1005 1672 1035 1721 et
1049 1661 1120 1721 auri.

401 1755 462 1815 His
477 1764 629 1814 commota
641 1755 741 1831 fugam
756 1753 839 1814 Dido
854 1754 1013 1830 sociosque
1027 1756 1159 1830 parabat.

401 1847 600 1921 Conveniunt,
617 1847 725 1924 quibus
740 1857 790 1906 aut
804 1847 907 1906 odium
922 1848 1041 1907 crudele
1055 1847 1171 1926 tyranni

401 1944 465 2001 Aut
479 1951 575 2001 metus
591 1960 659 2001 acer
673 1951 753 2014 erat;
773 1959 873 2013 naves,
889 1960 966 2017 quae
980 1941 1055 2000 forte
1069 1951 1197 2018 paratae,

402 2033 582 2111 Corripiunt,
599 2044 783 2110 onerantque
797 2053 888 2107 auro;
909 2044 1064 2111 portantur
1077 2033 1159 2094 avari

401 2127 604 2205 Pygmalionis
617 2146 692 2204 opes
705 2128 831 2204 pelag03
852 2126 913 2186 dux
927 2127 1037 2187 femina
1049 2126 1129 2188 lacti.

401 2223 559 2281 Devenere
573 2222 664 2294 locos,
680 2219 732 2279 ubi
746 2239 825 2279 nunc
840 2219 972 2296 ingentia
985 2220 1081 2280 cernis

400 2313 527 2374 Moenia
540 2324 767 2390 surgentemque
782 2331 878 2372 novae
894 2313 1086 2390 Karthaginis
1100 2333 1207 2389 arcem,

400 2407 587 2484 Mercatique
602 2408 708 2480 solum,
724 2406 793 2466 sacti
808 2407 846 2467 de
861 2406 982 2466 nomine
997 2409 1127 2485 Byrsam,

400 2501 533 2561 Taurino
547 2510 691 2577 quantum
706 2511 828 2576 possent
842 2499 1025 2560 circumdare
1039 2511 1131 2578 tergo.

399 2595 460 2656 Sed
475 2613 529 2654 vos
543 2593 594 2670 qui
608 2594 738 2667 tandem,
754 2593 862 2669 quibus
877 2605 928 2654 aut
941 2594 1062 2654 venistis
1076 2597 1115 2655 ab
1129 2593 1197 2668 oris,

401 2682 509 2762 Quove
523 2687 631 2747 tenetis
645 2686 719 2746 iter?
760 2686 923 2760 Quaerenti
938 2687 1045 2746 talibus
1059 2687 1109 2746 ille

400 2780 556 2858 Suspirans
571 2779 691 2856 imoque
706 2779 825 2839 trahens
839 2798 858 2838 a
871 2790 993 2856 pectore
1005 2799 1132 2840 vocem:

420 2888 422 2893 ⁴
440 2875 469 2935 Ο
485 2875 550 2947 dea,
566 2872 591 2932 si
604 2873 700 2950 prima
713 2882 850 2949 repetens
865 2874 904 2932 ab
919 2872 1032 2950 origine
1046 2893 1176 2951 pergam,

401 2969 440 3028 Et
454 2978 540 3027 vacet
554 2967 676 3026 annales
690 2976 859 3025 nostrorum
874 2966 976 3027 audire
990 2968 1135 3041 laborum,

399 3064 480 3121 Ante
495 3060 574 3127 diem
589 3060 690 3120 clauso
705 3070 868 3136 componat
880 3061 999 3138 Vesper
1013 3062 1153 3138 Olympo.

371 3137 378 3151 ⁸
399 3155 466 3213 Nos
481 3155 574 3230 Troja
587 3153 717 3229 antiqua,
733 3151 757 3212 si
771 3164 882 3214 vestras
896 3155 972 3215 sorte
987 3173 1041 3232 per
1054 3173 1141 3214 aures

400 3248 510 3323 Trojae
525 3265 634 3305 nomeu
650 3246 691 3320 iit,
706 3245 823 3306 diversa
836 3267 889 3324 per
904 3266 1034 3324 aequora
1046 3258 1151 3307 vectos

399 3341 489 3400 Forte
504 3357 558 3399 sua
572 3338 691 3418 Libycis
705 3350 868 3416 tempestas
882 3339 997 3416 appulit
1011 3338 1078 3399 oris.
1186 3405 1189 3411 ,

399 3435 470 3494 Sum
485 3432 551 3510 pius
565 3434 693 3505 Aeneas,
708 3444 809 3509 raptos
824 3431 875 3508 qui
890 3451 928 3492 ex
941 3432 1028 3490 hoste
1043 3435 1171 3492 Penates

399 3527 504 3587 Classe
517 3525 597 3586 veho
610 3544 735 3599 mecum,
749 3526 829 3585 lama
842 3543 931 3601 super
945 3525 1066 3584 aethera
1078 3535 1176 3585 notus.

399 3618 518 3678 Italiam
532 3637 645 3694 quaero
658 3618 784 3695 patriam
803 3629 833 3679 et
852 3636 947 3694 genus
961 3620 999 3678 ab
1013 3620 1089 3693 Jove
1103 3636 1226 3679 summe.

399 3711 450 3771 Bis
464 3711 549 3771 denis
565 3711 726 3789 Phrygium
739 3710 903 3771 conscendi
917 3710 1043 3770 navibus
1057 3729 1176 3786 aequor,

399 3806 499 3865 Matre
514 3806 768 3865 deamonstrante
783 3804 869 3877 viam,
886 3804 957 3863 data
970 3804 1032 3863 sata
1046 3813 1186 3877 secutus;

397 3895 459 3956 Vix
473 3909 588 3975 septem
601 3898 764 3957 convulsae
779 3897 867 3956 undis
882 3899 1022 3973 Euroque
1036 3907 1202 3974 supersunt.

399 3990 472 4068 Ipse
486 3989 614 4068 ignotus,
628 4007 730 4068 egeus,
746 3988 859 4069 Libyae
873 3990 991 4052 derata
1003 4009 1137 4069 peragro,
