3550 4859
434 548 493 604 240
732 540 759 589 P.
780 545 914 589 VIRGILII
936 546 1079 591 uanortts

434 690 595 750 Lustrabat
608 689 708 752 studio
721 690 866 763 recolens,
882 709 1062 766 omnemque
1077 707 1195 750 suorum

433 785 523 844 Forte
537 786 713 844 recensebat
726 802 883 842 numerum
898 802 1043 859 carosque
1057 793 1193 859 nepotes,
1262 854 1267 863 Ι

433 877 566 952 Fataque
580 876 771 953 fortunasque
784 876 880 935 virum
895 894 1053 951 moresque
1067 893 1242 952 manusque.

433 970 526 1046 Isque
541 969 592 1027 ubi
607 969 781 1029 tendentem
794 969 954 1029 adversum
967 988 1022 1045 per
1034 968 1171 1046 gramina
1182 968 1258 1031 vidit

433 1064 569 1135 Aenean,
585 1061 690 1121 alacris
704 1062 817 1138 palmas
832 1072 973 1138 utrasque
987 1060 1123 1135 tetendit,

433 1156 614 1231 Effusaeque
627 1155 714 1232 genis
728 1155 876 1227 lacrimae,
892 1164 923 1213 et
936 1172 995 1213 vox
1008 1154 1120 1214 excidit
1133 1174 1185 1215 ore
1198 1176 1205 1215 ε

432 1247 550 1307 Venisti
565 1248 696 1321 tandem,
712 1258 822 1323 tuaque
835 1254 1011 1325 exspectata
1023 1246 1140 1324 parenti

432 1340 514 1401 Vicit
528 1340 583 1400 iter
597 1341 703 1400 durum
716 1341 833 1419 pietas?
854 1342 941 1401 datur
954 1361 1008 1402 ora
1021 1341 1104 1415 tueri,

434 1436 522 1508 Nate,
539 1444 597 1508 tua,
613 1444 644 1494 et
657 1446 745 1495 notas
759 1435 861 1495 andire
876 1446 907 1496 et
920 1436 1047 1496 reddere
1060 1434 1175 1495 voces?

433 1528 483 1589 Sic
496 1527 635 1604 equidem
651 1528 798 1587 ducebam
812 1529 913 1588 animo
928 1530 1073 1605 rebarque
1087 1529 1228 1601 futurum,

433 1622 584 1698 Tempora
599 1621 799 1694 dinumerans,
815 1640 871 1681 nec
886 1640 934 1680 me
948 1640 1016 1681 mea
1029 1641 1101 1681 cura
1114 1620 1225 1681 fefellit

433 1714 519 1790 Quas
533 1733 589 1792 ego
603 1723 633 1773 te
647 1723 740 1773 terras
755 1725 785 1773 et
799 1724 911 1790 quanta
925 1733 979 1791 per
993 1733 1124 1792 aequora
1136 1723 1256 1774 vectum

435 1807 578 1884 Accipio!
600 1808 719 1882 quantis
731 1808 883 1883 jactatum,
901 1818 979 1880 nate,
994 1807 1133 1884 periclis!
1151 1851 1155 1856 ,

433 1900 533 1976 Quam
547 1899 647 1972 metui,
664 1918 702 1958 ne
716 1899 789 1975 quid
804 1900 916 1976 Libyae
931 1900 986 1959 tibi
999 1919 1091 1977 regna
1105 1902 1266 1959 nocerent¹

434 1993 491 2052 Ille
506 2003 625 2052 autern:
645 1994 712 2051 Tua
725 2011 781 2065 me,
797 1992 922 2068 genitor,
938 2003 989 2052 tua
1002 1992 1094 2052 tristis
1107 1992 1215 2069 imago,

434 2086 562 2162 Saepius
577 2104 744 2159 occurrens,
759 2085 834 2144 haec
848 2084 952 2144 limina
966 2085 1090 2145 tendere
1103 2085 1225 2162 adegit,

435 2179 522 2238 Stant
536 2180 598 2238 sale
613 2179 769 2256 Tyrrheno
783 2179 905 2238 classes.
949 2180 998 2237 Da
1010 2179 1135 2256 jungere
1149 2178 1294 2252 dextram,

434 2271 492 2345 Da,
507 2271 632 2349 genitor,
649 2281 737 2348 teque
751 2273 891 2348 amplexu
906 2290 944 2331 ne
959 2271 1098 2331 subtrahe
1113 2282 1225 2332 nostro.

433 2364 483 2425 Sic
497 2383 667 2424 memorans
681 2365 764 2442 largo
777 2365 850 2429 fletu
864 2365 953 2425 simul
968 2384 1020 2424 ora
1034 2364 1157 2443 rigabat

434 2458 496 2515 Ter
509 2467 634 2517 conatus
649 2458 691 2517 ibi
705 2457 784 2517 collo
798 2458 870 2516 dare
884 2457 1006 2517 brachia
1020 2456 1139 2531 circum,

433 2550 495 2609 Ter
508 2548 614 2609 frustra
627 2568 805 2627 comprensa
818 2569 922 2609 manus
937 2550 1040 2628 effugit
1053 2550 1161 2628 imago,

436 2643 495 2702 Par
509 2641 624 2701 levibns
639 2642 735 2703 ventis
750 2642 921 2719 volucrique
935 2642 1085 2703 simillima
1099 2660 1214 2703 somno.

475 2734 597 2792 Interea
609 2733 691 2793 videt
704 2736 824 2793 Aeneas
838 2733 868 2792 in
883 2734 961 2793 valle
975 2734 1099 2793 reducta

436 2825 592 2885 Seclusum
607 2844 713 2886 nemus
727 2837 758 2886 et
773 2827 901 2905 virgulta
914 2827 1050 2887 sonantia
1064 2825 1170 2900 silvis,’

435 2918 669 2993 Lethaeumque,
685 2919 791 2979 domos
805 2920 940 2997 placidas
954 2920 1005 2995 qui
1018 2929 1181 2996 praenatat,
1197 2935 1325 2979 amnem.

436 3014 529 3071 Hunc
544 3011 654 3070 circum
669 3012 842 3084 innumerae
855 3023 960 3091 gentes
974 3013 1137 3090 populique
1151 3013 1295 3074 volabant

436 3106 483 3163 Ac
497 3105 578 3163 velut
592 3103 622 3161 in
637 3104 730 3180 pratis
744 3105 795 3164 ubi
809 3125 882 3182 apes
897 3116 1010 3166 aestate
1023 3124 1130 3166 serena

436 3197 572 3256 Floribus
587 3196 720 3257 insidunt
733 3198 831 3271 variis,
845 3208 876 3258 et
890 3199 1019 3258 candida
1033 3199 1145 3259 circum

436 3290 514 3349 Lilia
527 3290 689 3349 funduntur
701 3311 708 3363 ;
729 3291 834 3367 strepit
847 3291 945 3351 omnis
959 3309 1107 3351 murmure
1121 3308 1254 3369 campus.

437 3383 595 3441 Horrescit
608 3383 674 3442 visu
687 3383 794 3457 subito,
809 3402 990 3462 caussasque
1003 3383 1127 3461 requirit

435 3476 554 3536 Inscius
569 3478 697 3549 Aeneas,
713 3495 789 3552 quae
803 3476 863 3537 sint
876 3497 915 3538 ea
926 3478 1051 3538 flumina
1063 3496 1160 3555 porro,

437 3569 535 3643 Quive
548 3568 603 3626 viri
617 3578 701 3628 tanto
715 3571 892 3646 complerint
906 3570 1025 3649 agmine
1038 3571 1126 3649 ripas.

436 3663 515 3720 Tum
529 3671 613 3738 pater
626 3662 793 3722 Anchises:
813 3665 949 3737 Animae,
965 3665 1072 3740 quibus
1085 3666 1179 3725 altera
1191 3662 1254 3724 fato

436 3755 571 3830 Corpora
584 3754 739 3828 debentur,
755 3756 880 3815 Lethaei
893 3756 933 3815 ad
946 3756 1075 3817 fluminis
1088 3758 1200 3818 undam

436 3848 563 3907 Securos
576 3848 679 3907 latices
694 3856 724 3907 et
737 3847 827 3926 longa
840 3848 951 3909 oblivia
963 3859 1077 3926 potant

437 3940 506 4000 Has
520 3940 660 4017 equidem
674 3958 838 4001 memorare
852 3941 907 4002 tibi
920 3952 1009 4019 atque
1023 3942 1183 4004 ostendere
1195 3960 1306 4015 comm,
