3550 4859
407 547 460 604 192
718 546 743 590 Ρ,
765 546 898 589 VIRGILII
920 546 1062 591 MARONIS

404 690 510 751 Iliacas
527 688 614 768 igitur
623 692 734 752 classes
744 702 834 767 atque
847 690 951 751 ultima
965 693 1114 752 Teucrum

401 786 490 861 Jussa
503 786 629 861 sequar?
648 784 757 861 quisue
771 783 880 844 auxilio
893 786 976 860 juvat
990 796 1059 845 ante
1073 786 1195 859 levatos,

402 880 441 937 Et
455 879 533 938 bene
547 878 626 955 apud
641 896 789 937 memores
804 878 912 937 veteris
926 888 985 937 stat
997 877 1091 955 gratia
1104 877 1194 939 sacti?

402 971 477 1047 Quis
492 990 541 1031 me
555 971 726 1044 autem-'fac
739 972 824 1044 velle,
839 969 926 1044 siuet,
941 969 1090 1032 ratibusve
1105 969 1239 1049 superbis

402 1064 534 1123 Invisam
549 1063 694 1140 accipiet?
729 1063 835 1123 Nescis
849 1064 917 1137 heu,
933 1063 1058 1153 perdita,
1073 1064 1203 1125 necdum

401 1158 644 1216 Laomedonteae
659 1156 752 1216 sentis
765 1155 895 1233 perjuria
907 1157 1024 1233 gentis?

400 1249 483 1324 Quid
498 1252 581 1309 tum?
601 1250 666 1309 sola
680 1250 749 1326 fuga
761 1260 867 1308 nautas
880 1247 1047 1309 comitabor
1060 1252 1206 1310 ovantes?

328 1373 329 1376 ¹
400 1346 450 1401 An
465 1342 561 1421 Tyriis
576 1342 718 1419 omnique
731 1361 822 1403 manu
836 1341 945 1420 stipata
959 1361 1095 1402 meorum

400 1437 522 1509 Inserar,
538 1446 576 1509 et,
592 1455 668 1512 quos
682 1434 805 1496 Sidonia
817 1434 867 1495 vix
880 1437 953 1495 urbe
967 1434 1078 1509 revelli,

400 1531 515 1589 Rursus
529 1547 614 1606 agam
628 1529 744 1606 pelago,
759 1539 790 1589 et
803 1528 899 1589 ventis
913 1530 984 1590 dare
998 1529 1065 1590 vela
1075 1529 1210 1605 jubebo?

400 1621 481 1698 Quin
495 1641 618 1696 morere,
633 1633 666 1681 ut
680 1621 785 1682 merita
798 1641 839 1695 es,
854 1622 991 1699 ferroque
1005 1632 1104 1683 averte
1118 1622 1263 1683 dolorem.
1364 1640 1367 1645 ·

399 1717 447 1774 Tu
461 1714 588 1776 lacrimis
602 1714 698 1775 evicta
711 1714 794 1788 meiS,
809 1726 840 1775 tu
856 1714 951 1791 prima
964 1716 1111 1775 furentem

401 1808 468 1881 His,
482 1827 632 1885 germana,
647 1808 733 1867 malis
747 1826 853 1867 oneras
867 1819 957 1885 atque
971 1807 1080 1885 objicis
1095 1806 1183 1871 hosti

399 1903 471 1961 Non
484 1900 567 1961 licuit
581 1900 702 1960 thalami
716 1911 868 1978 expertem
883 1900 947 1960 sine
962 1899 1084 1961 crimine
1098 1899 1190 1962 vitam

400 1996 524 2071 Degere,
537 2013 619 2054 more
632 1994 721 2067 ferae,
736 1994 811 2053 tales
826 2013 882 2053 nec
896 2003 1016 2071 tangere
1030 1998 1133 2057 curasl

399 2090 600 2148 Nonservata
613 2087 696 2159 fides
712 2086 803 2146 cineri
818 2087 966 2164 promissa
979 2086 1113 2166 Sychaeo
1120 2091 1132 2147 -l

398 2182 513 2240 Tantos
527 2180 577 2240 illa
590 2199 644 2239 suo
659 2181 815 2257 rumpebat
828 2190 951 2257 pectore
965 2190 1096 2257 questus
1140 2166 1144 2174 ⁸

439 2277 558 2334 Aeneas
572 2275 652 2333 celsa
665 2272 696 2331 in
710 2272 813 2350 puppi,
826 2274 889 2349 jam
904 2283 1001 2333 certus
1015 2272 1114 2348 eundi,

399 2368 549 2444 Carpebat
563 2386 694 2439 somnos,
709 2366 797 2426 rebus
809 2366 872 2442 jam
885 2366 941 2426 rite
955 2365 1071 2443 paratis.

399 2460 482 2521 Huic
497 2479 528 2520 se
543 2461 637 2519 forma
649 2458 699 2519 dei
712 2461 795 2519 vultu
809 2458 961 2519 redeuntis
974 2460 1083 2520 eodem

398 2552 516 2614 Obtulit
528 2552 559 2611 in
573 2552 694 2627 somnis,
708 2571 866 2629 rursusque
880 2553 923 2613 ita
935 2552 1000 2613 visa
1014 2570 1137 2615 monere
1145 2562 1205 2627 est,

397 2646 509 2709 Omnia
524 2645 673 2706 Mercurio
687 2645 798 2720 similis,
813 2665 979 2723 vocemque
993 2647 1184 2723 coloremque
1277 2678 1280 2685 ι

399 2744 437 2801 Et
451 2739 548 2802 crines
562 2739 656 2799 flavos
670 2750 701 2799 et
713 2741 849 2800 membra
862 2739 973 2800 decora
984 2740 1125 2817 juventa:

399 2835 478 2894 Nate
492 2834 557 2907 dea,
572 2843 660 2911 potes
674 2833 733 2893 hoc
746 2834 802 2893 sub
811 2849 888 2893 casu
902 2832 1010 2893 ducere
1024 2850 1155 2907 somnos,

399 2928 473 2999 Nec,
489 2945 565 3003 quae
579 2937 610 2986 te
624 2925 735 2986 circum
749 2935 828 2993 stent
836 2924 951 2987 ‘deinde
965 2923 1106 3002 pericula,
1117 2924 1227 3001 cernis,

399 3019 541 3093 Demens,
556 3037 613 3079 uec
627 3019 780 3096 Zephyros
792 3017 879 3079 audis
893 3018 1004 3095 spirare
1017 3018 1187 3081 secundos?

383 3124 385 3129 '
399 3113 456 3172 Illa
469 3113 557 3172 dolos
571 3112 728 3189 dirumque
741 3112 825 3173 nefas
839 3110 870 3171 in
885 3121 1006 3187 pectore
1018 3121 1124 3185 versat,

398 3205 488 3266 Certa
502 3204 585 3278 mori,
600 3205 742 3281 varioque
756 3203 864 3264 irarum
873 3203 1001 3264 fluctuat
1015 3214 1107 3264 aestu

398 3299 470 3357 Non
485 3296 561 3375 sugis
575 3297 647 3357 hinc
659 3315 812 3374 praeoeps,
828 3297 900 3358 dum
913 3295 1107 3374 praecipitare
1121 3298 1273 3375 potestas?

396 3392 465 3467 Jam
479 3408 560 3449 mare
573 3389 684 3452 turbari
693 3389 839 3465 trabibus,
853 3408 1018 3467 saevasque
1031 3389 1147 3452 videbis
1274 3378 1276 3384 ’

398 3484 555 3544 Collucere
569 3484 657 3557 faces,
671 3484 733 3560 jam
747 3484 860 3545 fervere
872 3482 960 3546 litora
972 3482 1109 3557 flammis,

398 3575 429 3636 Si
443 3574 533 3636 te'his
547 3575 676 3653 attigerit
688 3576 772 3637 terris
786 3578 904 3637 Aurora
917 3586 1091 3637 morantem

399 3670 456 3745 Eja
469 3688 532 3745 age,
548 3688 653 3747 rumpe
665 3687 773 3729 moras
809 3669 933 3731 Varium
947 3681 977 3730 et
991 3666 1134 3730 mutabile
1146 3682 1265 3748 semper

399 3761 530 3822 Femina
573 3762 623 3823 Sic
635 3763 713 3822 fatus
723 3761 809 3823 nocti
822 3782 855 3824 se
868 3761 1132 3825 immiscuitatrae.
1339 3791 1379 3833 370

439 3856 518 3914 Tum
531 3872 602 3915 vero
616 3858 744 3930 Aeneas,
759 3854 865 3926 subitis
877 3855 1032 3917 exterritus
1045 3854 1168 3929 umbris,

358 3941 363 3951 ’
399 3946 528 4027 Corripit
542 3967 559 4008 e
573 3948 973 4027 somnocoqiussodosque
985 3948 1109 4027 nurus
