3550 4859
663 561 871 607 metaneam,
895 563 953 609 uu
977 563 1023 617 111.

355 710 497 785 Torquet,
514 718 543 768 et
557 706 721 771 immensos
733 709 809 769 enlm
824 707 957 771 sinuatur
970 708 1002 771 in
1015 727 1109 783 arctus,

248 814 251 818 ·
355 804 401 862 Ac
415 800 514 862 media
528 802 594 877 plue
607 814 692 878 parte
705 803 786 863 leves
800 813 915 864 erectus
928 802 960 863 in
974 822 1060 865 auras

356 894 493 973 Despicit
506 914 595 955 omne
610 914 723 968 nemus,
739 906 884 972 tantoque
898 907 944 957 est
956 915 1090 974 corpore,
1105 906 1229 972 quanto,

356 988 388 1049 Si
402 999 498 1049 totum
513 998 640 1065 spectes,
653 987 787 1065 geminas
801 989 853 1065 qui
866 1000 983 1066 separat
998 991 1114 1051 Arctos

355 1084 385 1140 N
387 1101 421 1141 ec
436 1100 538 1156 mora3
559 1081 734 1156 Phoenicas,
749 1081 812 1145 sive
826 1081 869 1143 illi
883 1084 943 1143 tela
956 1083 1101 1159 parabant
1139 1133 1141 1139 .

356 1174 425 1234 Sive
439 1175 547 1251 sugam,
563 1174 626 1234 siue
639 1172 703 1252 ipse
717 1175 806 1236 timor
819 1175 998 1252 prohibebat
1011 1186 1176 1252 utrumque,

355 1269 510 1344 Occupat:
530 1267 586 1326 hos
600 1286 708 1342 morsu,
724 1268 820 1344 longis
834 1267 1023 1344 amplexibus
1034 1269 1110 1343 illos,
1168 1331 1170 1335 ,

355 1363 424 1421 Hos
439 1370 526 1420 necat
541 1360 630 1420 afflati
644 1361 761 1420 funesta
775 1362 844 1422 tabe
859 1360 975 1421 veneni

300 1455 304 1463 '
396 1456 519 1514 Fecerat
533 1453 654 1530 exiguas
666 1455 729 1530 jam
744 1454 790 1515 sol
804 1453 964 1515 altissimus
978 1456 1116 1516 umbras:

355 1549 441 1623 Quae
455 1566 539 1606 mora
553 1546 590 1606 sit
604 1545 692 1607 sociis
706 1545 827 1607 miratur
840 1549 979 1623 Agenore
994 1558 1089 1620 natus,

354 1639 549 1717 vestigatque
563 1639 648 1700 viros
692 1639 839 1717 Tegimen
854 1639 970 1717 direpta
984 1639 1065 1701 leoni

355 1732 445 1792 Pellis
460 1743 529 1807 erat,
546 1733 637 1793 telum
652 1732 821 1810 splendenti
836 1735 941 1794 lancea
954 1734 1030 1794 ferro

355 1827 399 1888 m,
406 1827 547 1903 jaculum,
563 1828 683 1902 teloque
697 1825 813 1887 animus
827 1827 1024 1904 praestantior
1038 1826 1128 1894 omui

355 1921 400 1979 Ut
413 1937 518 1979 nemus
532 1919 659 1993 intravit,
674 1920 824 1996 letataque
838 1939 965 1996 corpora
979 1920 1061 1995 vidit,

354 2011 566 2088 victoremque
581 2031 670 2089 supra
682 2011 806 2090 spatiosi
818 2012 952 2090 corporis
965 2014 1084 2075 hostem

355 2104 464 2165 Tristia
478 2105 640 2182 sanguinea
651 2107 834 2168 lambentem
848 2107 971 2169 vulnera
983 2107 1093 2184 lingua,

356 2201 417 2258 Aut
431 2199 509 2259 ultor
522 2209 645 2272 vestrae,
661 2197 805 2261 fidissima
816 2218 950 2276 corpora,
966 2200 1069 2260 mortis

354 2293 416 2351 Aut
431 2311 541 2365 comes,
557 2291 660 2369 inquit,
676 2311 736 2353 ero.
779 2291 872 2366 Dixit,
885 2293 1049 2370 dextraque
1063 2294 1207 2355 molarem

356 2383 486 2458 Sustulit,
502 2395 533 2445 et
545 2404 687 2462 magnum
700 2404 810 2462 magno
822 2385 984 2446 conamine
997 2386 1083 2447 misit

357 2477 441 2538 Illius
454 2477 583 2555 impulsu
596 2497 666 2539 cum
679 2478 806 2541 turribus
820 2479 913 2541 ardua
926 2479 1014 2541 celsis

357 2570 482 2632 Moenia
494 2582 577 2632 mota
589 2573 705 2647 forent3
725 2591 847 2649 serpens
861 2572 926 2633 sine
939 2575 1060 2634 vulnere
1074 2571 1191 2645 mansit,

357 2664 539 2742 Loricaeque
554 2665 646 2725 modo
659 2665 792 2742 squamis
805 2666 946 2727 defensus
960 2677 991 2727 et
1004 2677 1084 2727 atrae

358 2756 475 2818 Duritia
488 2757 582 2834 pellis,
598 2757 714 2818 validos
727 2768 796 2823 cute
810 2757 918 2835 repulit
932 2758 1015 2827 ictus
1050 2810 1052 2816 .

358 2853 400 2910 At
413 2870 475 2911 non
489 2849 596 2910 duritia
607 2852 740 2927 jaculum
754 2869 875 2929 quoque
889 2850 961 2911 vicit
974 2852 1081 2927 eadem
1093 2873 1100 2912 ε

358 2943 449 3019 Quod
463 2943 563 3003 medio
577 2944 675 3004 lentae
690 2943 794 3021 spinae
808 2944 980 3008 curvamine
994 2946 1086 3004 fixum

358 3035 508 3110 Constitit,
524 3047 554 3096 et
568 3037 835 3099 totumdescendit
848 3036 879 3097 in
894 3037 945 3097 ilia
959 3039 1074 3099 sermm.

359 3130 423 3204 Ille,
439 3129 542 3190 dolore
557 3130 646 3204 ferox,
661 3141 753 3207 caput
766 3130 798 3191 iu
811 3149 866 3191 aua
879 3142 962 3207 terga
975 3130 1093 3191 retorsit

357 3223 546 3298 Vulneraque
560 3222 706 3299 adspexit,
717 3225 867 3299 fixumque
882 3223 988 3283 hastile
1003 3221 1173 3294 momordit,

359 3317 465 3393 quue,
480 3315 531 3375 ubi
546 3314 575 3374 vi
589 3317 684 3376 multa
696 3327 811 3393 partem
825 3315 965 3377 labefecit
979 3315 1009 3375 in
1024 3334 1154 3387 omnem,

357 3407 417 3466 Vix
430 3417 513 3485 tergo
527 3407 653 3486 eripuit3
673 3410 781 3469 semum
795 3418 896 3469 tamen
911 3408 1028 3469 ossibus
1042 3407 1146 3468 haesit.

358 3502 437 3561 Tum
450 3519 530 3574 vero,
546 3512 707 3578 postquam
721 3501 822 3562 solitas
836 3501 961 3562 accessit
974 3502 1014 3561 ad
1027 3500 1085 3562 iras

359 3595 459 3654 Causa
472 3613 585 3668 recens,
600 3595 696 3671 plenis
710 3604 881 3655 tumuerunt
894 3605 1013 3672 guttura
1025 3593 1117 3666 venis,

358 3687 528 3765 spumaque
543 3688 698 3766 pestiferos
712 3687 887 3749 circumfluit
901 3687 1002 3749 albida
1014 3687 1113 3759 rictus,

358 3781 509 3858 Terraque
522 3800 589 3841 rasa
602 3791 689 3841 sonat
703 3780 842 3856 squamis,
858 3780 969 3856 quique
983 3779 1092 3841 halitus
1106 3778 1166 3840 exit

359 3873 418 3932 Ore
433 3874 517 3951 niger
529 3873 631 3952 Stygio
645 3873 763 3935 vitiatas
776 3872 870 3933 inficit
886 3874 1001 3933 herbas.

359 3967 429 4043 Ipse
444 3967 537 4028 ruodo
551 3966 730 4029 immensum
743 3965 829 4044 spiris
842 3965 1021 4033 facientibus
1034 3967 1144 4051 orbem.
