3550 4859
655 569 863 624 mmm
886 570 946 622 ΗΕ·
969 569 1002 626 H·

342 723 386 781 At
399 726 483 796 pater
496 712 687 793 omnipotens
701 735 825 793 superos
839 726 964 784 testante
977 725 1008 778 et
1021 713 1128 793 ipsum,

343 811 403 889 Qui
417 810 541 872 dederat
554 828 665 883 esurus,
680 809 739 869 nisi
752 828 843 887 opem
856 810 939 884 ierat,
953 809 1058 872 omnia
1070 809 1132 870 lato

343 902 503 965 Interitura
515 901 605 980 gravi,
621 921 769 963 summam
783 901 859 979 petit
872 902 983 968 arduus
996 922 1104 978 mecm,

343 1002 435 1061 Unde
450 1000 529 1059 solet
542 999 638 1060 nubes
652 996 720 1059 latis
734 998 875 1060 inducere
889 998 981 1073 tonis,

343 1094 436 1155 Unde
451 1102 552 1153 movet
567 1090 695 1152 tonitrus
709 1091 884 1169 vibrataque
898 1091 1023 1161 fulmina
1033 1092 1134 1169 jactat

343 1187 402 1250 Sed
417 1205 525 1264 neque,
542 1204 616 1262 quas
629 1194 734 1262 posset
747 1183 832 1246 terris
842 1185 995 1260 inducere,
1011 1186 1107 1246 nubes

343 1282 430 1341 Tunc
445 1278 557 1352 habuit,
572 1297 638 1361 nec,
653 1297 730 1355 quos
743 1278 830 1340 coelo
844 1277 1015 1352 dimitteret,
1030 1279 1148 1340 imbres.

345 1376 477 1447 Intonat,
493 1382 523 1434 et
536 1372 640 1432 dextra
653 1371 792 1436 libratum
806 1371 919 1440 fulmen
933 1373 973 1434 ab
986 1390 1056 1433 eure

346 1466 430 1526 Misit
444 1465 475 1525 in
490 1465 633 1543 aurigam,
645 1464 814 1541 pariterque
828 1464 987 1543 animmque
1001 1465 1133 1543 rotisque

346 1558 475 1637 Expulit,
492 1569 521 1619 et
536 1557 632 1618 saevis
645 1558 832 1634 compescuit
844 1557 963 1635 igoihris
977 1559 1068 1635 ignes

347 1654 583 1714 Consternantur
596 1651 680 1727 equi„
691 1661 721 1711 et
734 1651 812 1712 saltu
825 1651 857 1716 in
865 1651 1019 1718 'coeuntia
1031 1652 1110 1712 secto

347 1747 435 1807 Colla
446 1746 518 1822 jugo
533 1743 660 1821 eripiunt
673 1745 860 1820 abmptaque
868 1745 938 1808 lora
950 1743 1126 1822 relinquunt

346 1838 413 1899 Illic
426 1838 510 1898 frena
521 1838 630 1914 jacent,
645 1835 841 1899 illictemone
852 1838 988 1906 revulsum

347 1931 429 2006 Axis,
445 1930 476 1990 in
490 1931 547 1991 hac
560 1928 635 1990 radii
648 1930 806 1990 fractarum
814 1941 903 2007 parte
912 1941 1056 2006 rotarum,

348 2026 515 2102 Sparsaque
530 2033 600 2084 sunt
613 2023 673 2083 lete
687 2021 914 2101 locerivestigiu
927 2042 1039 2093 eunus

345 2121 389 2178 At
402 2118 569 2190 Phaethon,
583 2114 688 2178 rutilos
702 2116 998 2193 flomrnapqpulante
1011 2116 1144 2196 capillos,

344 2210 482 2271 Volvitur
495 2209 527 2269 in
540 2228 685 2286 praeceps
698 2208 848 2286 longoque
859 2230 916 2287 per
929 2213 999 2280 aeta
1013 2222 1107 2279 tractu

345 2306 458 2377 Fertur,
474 2313 507 2363 ut
520 2301 670 2369 interdurn
684 2302 722 2361 de
736 2303 823 2364 coelo
837 2304 923 2371 stella
936 2323 1060 2379 sereno,

346 2397 411 2458 Etsi
424 2414 487 2455 non
501 2394 619 2468 cecidit,
634 2394 731 2471 potuit
744 2394 888 2462 cecidisse
899 2396 1002 2467 viden.

345 2492 445 2566 Quem
459 2489 563 2567 procul
576 2507 596 2548 a
608 2488 703 2566 patria
716 2487 833 2550 diverso
846 2489 993 2557 maximus
1008 2494 1080 2555 orbe
1160 2540 1163 2546 .

344 2582 465 2659 Excipit
480 2581 637 2655 Eridanus,
652 2581 855 2659 fumantiaqre
869 2584 963 2646 abluit
980 2585 1040 2646 ora.

344 2676 460 2737 Naides
475 2673 643 2753 Hesperiae
656 2674 754 2742 trifida
767 2676 912 2738 mutantia
923 2678 1045 2739 stemma

345 2771 483 2846 Corpora
494 2769 569 2831 dant
582 2769 706 2842 tumulo,
721 2768 839 2845 signant
852 2788 975 2847 quoque
988 2770 1118 2832 carmine
1133 2790 1253 2838 saxum:

345 2862 410 2922 Hic
424 2861 496 2922 situs
509 2871 555 2922 est
569 2861 735 2934 Phaethon,
750 2862 966 2940 currusauriga
979 2864 1113 2941 paterni:

345 2956 447 3031 Quem
461 2954 562 3015 sinon
575 2953 678 3028 tenuit,
693 2954 808 3032 magnis
822 2966 922 3022 tannen
938 2956 1049 3026 excidit
1061 2956 1148 3018 ausis

345 3050 378 3109 N
380 3068 429 3107 am
442 3059 526 3125 pater
539 3048 695 3122 obductos,
711 3049 793 3110 luctu
806 3049 983 3122 miserabilis
997 3068 1095 3127 aegro,

347 3140 532 3203 Condiderat
545 3142 663 3215 vultus3
681 3151 712 3202 et
726 3141 750 3201 si
765 3126 858 3204 modo
872 3143 1029 3217 credimus,
1046 3162 1138 3203 unum

347 3236 414 3294 Isse
428 3234 509 3293 diem
523 3233 587 3294 sine
600 3234 663 3295 sole
677 3235 782 3296 fenmt
827 3236 974 3296 Incendia
986 3238 1087 3296 lumen

346 3329 544 3401 Praebebant,
559 3326 725 3404 aliquisque
739 3328 820 3388 malo
834 3326 889 3391 fuit
902 3348 973 3394 usus
986 3328 1017 3388 in
1032 3329 1092 3389 illo.

346 3422 391 3481 At
406 3421 559 3497 Clymene,
573 3431 733 3498 postquam
746 3419 823 3481 dixit
835 3440 1031 3498 quaecunque
1047 3423 1167 3483 fuerunt

346 3514 388 3572 In
401 3512 491 3573 tantis
506 3513 634 3576 dicenda
647 3512 741 3587 malis,
753 3513 885 3591 lugubris
900 3523 930 3574 et
943 3533 1047 3576 amens

348 3609 390 3668 Et
403 3605 514 3666 laniata
526 3606 607 3666 sinus
621 3615 718 3666 totum
727 3605 1027 3683 perceneuitorbem,

348 3700 569 3777 Exanimesque
584 3709 664 3759 artus
676 3697 782 3775 primo,
793 3717 868 3758 *mox
881 3717 950 3760 ossa
963 3698 1123 3776 requirens,

349 3792 474 3871 Repen’t
487 3811 557 3853 ossa
570 3802 670 3852 tamen
684 3790 840 3867 peregrina
852 3791 976 3854 condita
988 3792 1061 3869 ripa,

347 3886 552 3963 Incubuitque
566 3885 642 3958 loco,
658 3902 829 3960 nomenque
842 3883 873 3946 in
881 3903 1033 3946 marmore
1047 3885 1159 3946 lectum

346 3980 485 4042 Perfudit
498 3976 626 4039 lacrimis
639 3986 671 4038 et
683 3987 787 4054 aperto
800 3987 923 4054 pectore
935 3977 1017 4040 fovit.
1036 4036 1040 4043 .
