3550 4859
774 573 803 620 B.
823 573 956 621 mun
975 571 1120 619 mil

797 812 995 877 ECLOGA
1023 812 1087 874 IX.

861 984 1026 1042 MOERIS.

790 1142 929 1189 tremas.
972 1143 1098 1188 MOERIS.

884 1268 1007 1307 uicinas,

457 1354 531 1430 Quo
545 1361 584 1427 te,
600 1351 708 1427 Moeri,
721 1350 837 1431 pedes?
856 1371 905 1427 an,
921 1370 982 1429 quo
995 1351 1044 1412 via
1057 1349 1147 1424 ducit,
1162 1348 1194 1409 io
1207 1346 1331 1410 urbem?

892 1473 1002 1512 rioms·

457 1542 486 1603 Ο
502 1540 625 1620 Lycida,
641 1539 701 1599 vivi
714 1538 914 1619 pervenimus,
929 1538 1047 1599 advena
1060 1537 1163 1612 nostri,

457 1634 549 1713 Quod
563 1651 725 1709 numquam
738 1630 824 1692 veriti
838 1650 949 1705 sumus,
964 1640 998 1692 ut
1010 1648 1168 1710 possessor
1181 1627 1271 1708 agelli

457 1727 598 1787 Diceret:
620 1727 708 1785 Haec
722 1743 790 1784 mea
804 1733 872 1785 sunt
883 1746 894 1799 ;
913 1733 1030 1784 veteres
1044 1723 1168 1802 migrate
1182 1720 1291 1784 colont

457 1822 547 1880 Nunc
560 1817 639 1892 victi,
655 1818 763 1891 tristes,
778 1816 920 1894 quoniam
934 1817 1008 1876 Fors
1022 1815 1123 1875 omnia
1136 1824 1243 1890 versat,
1428 1838 1441 1878 s

458 1914 528 1972 Hos
541 1910 635 1970 illi-
644 1909 725 1987 quod
740 1928 796 1970 nec
809 1917 905 1969 vertat
919 1908 997 1968 bene
1005 1942 1047 1951 -
1057 1906 1199 1967 mittimus
1213 1906 1336 1967 haedos.

885 2029 1008 2068 eremas

459 2099 550 2159 Certe
564 2095 704 2174 equidem
717 2095 879 2170 audieram,
896 2114 955 2173 qua
969 2114 1002 2156 se
1017 2093 1183 2155 subducere
1198 2093 1292 2156 colles

460 2189 621 2267 Incipiunt,
637 2188 780 2265 mollique
797 2189 903 2267 jugum
917 2187 1073 2248 demittere
1088 2186 1173 2261 clivo,
1300 2241 1303 2248 .

460 2284 567 2358 Usque
581 2281 621 2341 ad
635 2300 743 2358 aquam
757 2290 788 2342 et
800 2290 926 2354 veteres,
946 2281 1009 2357 jam
1022 2280 1115 2355 fracta
1127 2278 1291 2355 cacumina,
1305 2278 1392 2360 fagos

460 2374 572 2435 Omnia
584 2374 765 2434 carminibus
779 2384 910 2434 vestrum
924 2392 1060 2434 servasse
1074 2372 1244 2433 Menalcan.

892 2495 1004 2534 norme

461 2562 616 2635 Audieras,
632 2570 663 2622 et
676 2561 755 2621 sama
768 2560 842 2636 fuit3
861 2560 916 2622 sed
930 2560 1062 2622 carmina
1073 2570 1191 2621 tantum

461 2655 573 2714 Nostra
586 2655 695 2728 valent,
711 2654 833 2732 Lycida,
848 2654 909 2715 tela
922 2654 1000 2715 inter
1014 2654 1131 2728 Martia,
1147 2660 1293 2731 quantum

461 2746 614 2810 Chaonias
628 2746 731 2806 dicunt
743 2746 844 2823 aquila
856 2746 995 2808 veniente
1008 2747 1169 2808 columbas

384 2898 387 2904 .
461 2838 554 2915 Quod
569 2838 687 2899 nisime
701 2858 887 2916 quacumque
902 2858 997 2900 novas
1010 2839 1141 2899 incidere
1156 2838 1223 2900 lites

461 2934 542 2992 Ante
557 2931 677 2991 sinistra
691 2950 764 2990 cava
777 2932 944 2992 monuisset
957 2933 995 2993 ab
1010 2931 1078 2992 ilice
1091 2931 1204 3006 cornix,
1417 2959 1442 2998 ι,

463 3027 529 3085 Nec
543 3034 611 3083 tuus
624 3024 673 3083 hic
688 3023 810 3098 Moeris,
825 3043 882 3084 nec
902 3024 1015 3084 viveret
1028 3024 1093 3102 ipse
1107 3025 1271 3086 Menalcas

888 3146 1010 3185 nucinas
1144 3129 1147 3139 '
1292 3148 1295 3154 ’

464 3215 545 3286 Heu,
560 3210 641 3271 cadit
654 3209 686 3270 in
699 3229 879 3288 quemquam
893 3221 1008 3273 tantum
1022 3211 1140 3272 scelus?
1160 3212 1227 3288 heu,
1242 3222 1293 3274 tua
1306 3213 1396 3276 nobis

465 3305 565 3365 Paene
579 3304 666 3363 simul
680 3312 779 3363 tecum
794 3304 901 3364 solatia
914 3316 1006 3382 rapto,
1022 3305 1183 3366 Menalca?

465 3397 541 3473 Quis
555 3407 674 3457 caneret
688 3397 864 3475 Nymphas?
884 3396 952 3473 quis
965 3398 1088 3458 humum
1101 3397 1277 3461 florentibus
1289 3399 1391 3461 herbis

466 3490 631 3568 spargeret,
647 3498 698 3549 aut
710 3488 798 3548 viridi
811 3489 910 3549 sontes
923 3488 1077 3550 induceret
1090 3491 1215 3552 umbra?
1419 3517 1449 3560 ο,

464 3583 524 3642 Vel
539 3599 615 3659 quae
629 3581 746 3655 sublegi
759 3581 867 3640 tacitus
881 3581 935 3642 tibi
949 3582 1080 3643 carmina
1094 3603 1197 3661 nuper,

466 3675 568 3750 Quum
582 3684 612 3735 te
626 3674 664 3733 ad
679 3673 799 3734 delicias
812 3675 911 3747 ferres,
928 3675 1117 3754 Amaryllida,
1132 3678 1273 3739 nostras?

468 3766 604 3846 “Tityre,
620 3765 692 3825 dum
706 3765 951 3826 redeo-brevis
964 3777 1011 3827 est
1024 3766 1218 3845 via—pasce
1233 3768 1373 3849 capellas,
1451 3781 1454 3790 “

468 3862 507 3920 Et
521 3870 624 3937 potum
638 3867 738 3936 pastas
752 3877 816 3937 age,
831 3857 942 3936 Tityre,
957 3869 989 3919 et
1001 3858 1079 3920 inter
1090 3862 1238 3939 agendum

469 3954 631 4016 Occursare
645 3951 963 4029 capro-comu.serit
976 3952 1025 4013 ille
1033 3988 1073 3998 —
1082 3956 1213 4016 caveto.’'
1421 3987 1446 4027 ι,
