3550 4859
435 562 494 617 224
751 560 777 604 Ρ.
799 559 931 604 vmclur
953 559 1095 604 MARONIS

435 702 546 766 Omnia
558 698 697 782 praecepi
711 716 800 781 atque
814 706 914 765 animo
929 722 1045 765 mecum
1058 714 1128 764 ante
1142 700 1252 783 peregi
1294 708 1297 713 “
1374 728 1412 769 ως

435 799 538 858 Unum
553 818 627 858 oro:
647 799 768 874 quando
783 798 831 857 hic
845 799 953 857 inferni
964 797 1055 877 janua
1070 797 1146 875 regis

435 892 552 951 Dicitur
565 901 597 951 et
610 892 768 950 tenebrosa
782 892 866 967 palus
880 892 1052 951 Acheronte
1062 892 1170 964 refuso,

436 987 484 1044 Ire
498 985 537 1043 ad
551 994 746 1060 conspectum
760 984 820 1043 cari
834 984 977 1062 genitoris
991 994 1021 1044 et
1034 1002 1087 1043 ora

435 1078 617 1154 Contingat;
639 1077 749 1136 doceas
764 1078 819 1136 iter
833 1087 864 1136 et
878 1096 961 1136 sacra
975 1076 1051 1136 ostia
1063 1076 1188 1153 pandas.
1231 1126 1233 1131 .

437 1171 526 1229 illum
540 1189 598 1248 ego
611 1188 665 1247 per
678 1170 811 1229 flammas
825 1180 856 1229 et
871 1171 952 1229 mille
967 1170 1123 1245 sequentia
1135 1169 1196 1228 tela
1379 1195 1415 1224 ιω

436 1262 538 1340 Eripui
552 1264 599 1322 his
613 1262 752 1335 humeris,
767 1262 926 1338 medioque
941 1281 978 1321 ex
992 1264 1079 1322 hoste
1093 1260 1213 1338 recepi;

436 1357 494 1416 Ille
507 1375 606 1414 meum
621 1356 778 1415 comitatus
792 1356 848 1415 iter
860 1355 954 1415 maria
967 1342 1068 1414 omnia
1081 1373 1199 1414 mecum

436 1452 537 1525 Atque
551 1467 656 1507 omnes
669 1449 828 1526 pelagique
842 1448 939 1508 minas
954 1449 1089 1524 coelique
1103 1448 1226 1521 serebat,

437 1542 600 1615 Invalidus,
615 1541 692 1600 vires
705 1542 782 1600 ultra
795 1552 965 1617 sortemque
979 1551 1125 1601 senectae.

437 1634 527 1709 Quin,
543 1644 576 1693 ut
589 1644 619 1693 te
634 1635 761 1711 supplex
774 1644 908 1711 peterem
923 1644 953 1693 et
967 1644 1018 1694 tua
1030 1634 1133 1693 limina
1146 1634 1269 1705 adirem,
1379 1649 1416 1693 ns

438 1728 525 1787 Idem
539 1746 628 1786 orans
642 1727 783 1786 mandata
796 1727 894 1786 dabat.
939 1727 1069 1802 Natique
1082 1727 1242 1803 patrisque,

438 1820 534 1893 Alma,
550 1839 664 1895 precor,
679 1820 819 1879 miserere
828 1829 962 1896 -potes
977 1838 1107 1895 namque
1120 1818 1230 1891 omnia,
1247 1827 1347 1878 necte

438 1912 648 1989 Nequidquam
662 1913 736 1972 lucis
752 1915 869 1971 Hecate
884 1911 1026 1989 praefecit
1039 1910 1217 1971 Avemis—

439 2004 471 2065 Si
484 2005 581 2081 potuit
596 2008 704 2063 Manes
718 2023 869 2064 arcessere
883 2004 1020 2083 conjugis
1035 2005 1181 2081 Orpheus,

437 2098 577 2157 Threicia
591 2097 684 2157 fretus
697 2098 811 2156 cithara
824 2097 994 2173 fidibusque
1008 2097 1134 2171 canoriS,

438 2191 471 2251 Si
485 2192 605 2250 fratrem
620 2191 727 2249 Pollux
740 2191 856 2249 alterna
870 2201 964 2249 morte
979 2189 1112 2263 redemit,

439 2284 527 2358 Itque
542 2282 677 2357 reditque
691 2282 769 2339 viam
784 2281 880 2341 toties.
924 2280 1005 2356 Quid
1019 2282 1147 2354 Thesea,
1162 2298 1303 2358 magnum

439 2375 521 2451 Quid
534 2393 697 2433 memorem
712 2374 860 2434 Alciden?
881 2384 912 2433 et
925 2374 965 2431 mi
979 2392 1074 2451 genus
1088 2374 1127 2433 ab
1141 2375 1216 2449 Jove
1230 2391 1354 2432 summo.

478 2468 603 2528 Talibus
618 2468 722 2527 orabat
737 2467 832 2540 dictis,
848 2484 973 2542 arasque
987 2467 1116 2540 tenebat,

437 2561 539 2633 Quum
548 2561 591 2621 sic
602 2579 670 2619 orsa
681 2561 762 2635 loqui
773 2571 871 2621 vates:
890 2560 960 2619 Sate
974 2559 1119 2636 sanguine
1134 2558 1243 2631 divum,
1381 2581 1416 2620 τις

436 2636 516 2711 Tro's
530 2652 722 2724 Anchisiade,
737 2651 833 2711 ¹facilis
848 2653 1013 2711 descensus
1028 2654 1150 2711 Averno
1157 2673 1166 2727 3

437 2747 551 2804 Noctes
566 2755 655 2821 atque
670 2744 735 2803 dies
749 2754 831 2821 patet
845 2744 900 2804 atri
911 2745 1003 2823 janua
1017 2744 1097 2804 Ditis
1109 2767 1118 2820 3

438 2836 499 2895 Sed
513 2853 653 2895 revocare
667 2837 790 2912 gradum
804 2854 987 2912 superasque
1001 2836 1128 2895 evadere
1141 2834 1181 2894 ad
1194 2851 1289 2907 auras,

439 2930 510 2988 Hoc
524 2947 609 3005 opus,
626 2928 674 2987 hic
689 2930 773 2988 labor
787 2938 841 2988 est.
884 2928 985 3001 Pauci,
1001 2947 1076 3003 quos
1090 2946 1203 3004 aequus
1217 2925 1327 2987 amavit

437 3021 582 3097 Juppiter,
598 3031 649 3079 aut
663 3022 772 3080 ardens
787 3021 885 3080 evexit
899 3022 937 3080 ad
952 3022 1073 3081 aethera
1086 3020 1187 3094 virtus,
1380 3043 1418 3081 ¹³0

438 3115 495 3174 Dis
508 3113 601 3192 geniti
616 3124 747 3190 potuere.
790 3116 911 3174 Tenent
925 3114 1023 3174 media
1037 3115 1139 3174 omnia
1152 3113 1254 3187 silvae3
1294 3171 1296 3175 .

438 3210 628 3285 Cocytosque
643 3206 708 3267 sinu
723 3208 828 3268 labens
843 3208 1035 3268 circumvenit
1048 3218 1121 3267 atro.
1260 3275 1264 3283 Δ

437 3301 529 3375 Quod
543 3299 569 3359 si
583 3309 682 3360 tantus
696 3319 780 3359 amor
793 3302 896 3374 menti,
912 3302 938 3361 si
952 3309 1035 3361 tanta
1048 3300 1158 3377 cupido
1174 3309 1228 3373 est,

438 3394 488 3453 Bis
502 3394 619 3472 Stygios
634 3394 737 3453 innare
752 3395 842 3467 lacus,
857 3395 905 3453 bis
920 3395 1003 3472 nigra
1016 3393 1117 3454 videre

437 3486 569 3559 Tartara,
585 3496 615 3546 et
629 3486 734 3546 insano
745 3487 828 3565 juvat
842 3488 996 3565 indulgere
1012 3487 1116 3561 labori,
1381 3506 1418 3548 ¹³5

436 3579 560 3656 Accipe,
577 3598 653 3655 quae
666 3580 836 3657 peragenda
848 3580 938 3656 prius.
974 3582 1070 3641 ·Latet
1083 3582 1190 3641 arbore
1204 3596 1300 3657 opaca

438 3675 555 3732 Aureus
569 3682 601 3731 et
614 3672 693 3732 loliis
707 3681 737 3731 et
750 3674 833 3731 lento
847 3672 957 3732 vimine
971 3692 1079 3747 ramus,

437 3764 550 3842 Junoni
564 3764 696 3824 infernae
710 3764 808 3824 dictus
821 3783 907 3824 sacer
919 3786 927 3838 ;
947 3765 1027 3825 hunc
1040 3766 1114 3845 tegit
1127 3764 1224 3826 omnis

438 3859 538 3917 Lucus
552 3866 582 3917 et
596 3856 730 3916 obscuris
744 3858 887 3918 claudunt
901 3859 1084 3918 convallibus
1098 3860 1227 3919 umbrae
1297 3933 1300 3938 ⁸

438 3949 498 4010 Sed
512 3970 573 4010 non
587 3961 656 4010 ante
670 3951 757 4011 datur
769 3951 884 4011 telluris
897 3960 1003 4030 operta
1016 3952 1124 4026 subire,
