3550 4859
713 568 1004 614 ΜΒΝ
1026 569 1067 614 Π.

405 716 535 792 Quoque
548 713 645 793 magis
657 714 774 791 tegitur,
789 724 886 775 tectus
900 715 995 793 magis
1009 723 1124 776 aestuat
1136 713 1222 793 ignis

404 809 506 869 Fissus
520 816 585 868 erat
598 807 680 867 tenni
693 807 776 880 rima,
792 825 882 884 quarn
895 808 1022 869 duxemt
1033 808 1115 881 olim,

404 902 505 978 Quum
519 902 611 974 fieret,
626 900 725 977 paries
738 901 842 960 domui
854 900 1023 960 eommunis
1035 900 1171 978 utrique:

404 995 443 1054 Id
455 994 560 1054 vitium
575 994 650 1053 nulli
662 1010 717 1070 per
730 994 849 1053 saecula
861 992 953 1071 longa
966 1000 1151 1053 notatim&-

403 1087 485 1163 Quid
500 1107 562 1147 non
576 1086 669 1147 sentit
682 1085 930 1163 amori-primi
943 1084 1060 1146 vidistis
1072 1097 1218 1159 amantes,

403 1182 443 1239 Et
455 1180 538 1241 vocis
552 1180 663 1241 fecistis
679 1180 742 1253 iter,
759 1188 902 1255 tutaeque
914 1196 969 1256 per
982 1178 1056 1240 illud

403 1274 558 1333 Murmure
570 1273 735 1333 blanditiae
748 1270 873 1331 minimo
887 1271 1011 1331 transire
1025 1270 1171 1331 solebant.

402 1367 507 1443 Saepe,
521 1375 555 1426 ut
568 1366 764 1426 constiterant
776 1363 848 1424 hinc
861 1363 984 1436 Thisbe,
999 1365 1142 1440 Pyramus
1155 1363 1246 1439 illinc,

402 1460 501 1535 Inque
514 1460 594 1519 vices
602 1458 703 1520 ¹fuerat
716 1466 852 1535 captatus
865 1455 1015 1515 anhelitus
1028 1456 1097 1529 oris,

402 1551 518 1625 Invide,
534 1552 682 1625 dicebant,
697 1550 803 1628 paries,
819 1549 893 1627 quid
907 1548 1076 1612 amantibus
1089 1549 1212 1610 obstas?

402 1644 556 1719 Quantum
570 1655 640 1719 erat,
654 1656 688 1705 ut
700 1644 815 1704 sineres
830 1661 887 1703 nos
902 1650 966 1703 toto
981 1660 1105 1719 corpore
1123 1640 1229 1720 jungi3

401 1740 465 1798 Aut
478 1739 537 1798 hoc
550 1738 575 1797 si
588 1738 722 1811 nimium,
736 1738 785 1798 vel
800 1737 840 1797 ad
854 1736 959 1797 oscula
972 1734 1071 1795 danda
1083 1739 1219 1811 pateresl
1344 1777 1347 1786 ·

402 1833 469 1891 Nec
482 1850 585 1891 sumus
599 1831 704 1909 ingrati
716 1852 723 1889 :
742 1830 798 1890 tibi
811 1848 868 1890 nos
884 1827 1143 1901 deberefatemur,

400 1923 493 1997 Quod
507 1924 595 1983 datus
609 1933 656 1983 est
668 1922 767 1984 verbis
783 1923 822 1983 ad
836 1922 950 1983 arnicas
964 1920 1106 1981 transitus
1118 1938 1212 1981 aures

400 2017 487 2077 Talia
500 2017 618 2076 diversa
631 2016 830 2093 nequicquam
844 2016 919 2075 sede
932 2013 1034 2087 locuti,

401 2110 465 2170 Sub
478 2120 598 2170 noctem
611 2109 712 2169 dixere
725 2110 800 2182 vale,
815 2108 952 2185 partique
965 2108 1078 2169 dedere

401 2203 514 2264 Oscula
527 2202 652 2279 quisque
666 2220 746 2275 suae,
762 2220 824 2262 non
837 2201 1045 2279 pervenientia
1056 2212 1168 2263 contra

400 2297 525 2355 Postera
538 2304 698 2354 nocturnos
712 2297 828 2353 Aurora
841 2304 1008 2355 removerat
1022 2294 1116 2373 ignes,

401 2388 514 2464 Solque
527 2388 684 2464 pruinosas
697 2387 788 2447 radiis
802 2386 965 2449 siccaverat
979 2388 1110 2462 herbas3

400 2481 451 2540 Ad
465 2480 585 2540 solitum
599 2479 699 2540 coiere
711 2481 819 2541 locum.
861 2482 942 2541 Tum
954 2499 1105 2542 murmure
1119 2499 1212 2557 parvo

400 2574 500 2632 Multa
512 2574 593 2651 prius
607 2571 714 2650 questi,
729 2582 871 2646 statuunt,
886 2583 921 2633 ut
934 2583 1023 2634 nocte
1036 2573 1136 2633 silenti

401 2668 515 2726 Fallere
529 2667 670 2727 custodes
684 2666 855 2744 foribusque
869 2667 1014 2727 excedere
1028 2676 1153 2741 tentent,
1351 2683 1376 2734 ις

400 2759 561 2835 Quumque
575 2760 667 2820 domo
680 2759 813 2833 exierint,
824 2760 908 2819 urbis
922 2778 1042 2837 quoque
1052 2761 1180 2822 claustra
1190 2760 1376 2839 relinquant3

386 2854 486 2911 ·Neve
500 2852 540 2911 sit
553 2852 713 2912 errandum
727 2853 788 2912 lato
802 2851 1001 2930 spatiantibus
1015 2872 1095 2926 arvo,

401 2944 590 3005 Conveniunt
604 2944 644 3005 ad
657 2945 747 3005 busta
760 2945 841 3019 Nini,
857 2945 1028 3023 lateantque
1042 2947 1101 3007 sub
1112 2948 1218 3010 umbra

398 3038 525 3098 Arboris
539 3060 545 3097 :
565 3038 653 3098 arbor
667 3037 716 3111 ibi,
732 3038 828 3098 niveis
841 3037 989 3098 uberrima
1001 3040 1109 3116 pomis,

398 3130 506 3191 Ardua
518 3149 620 3192 morus
628 3141 704 3204 erat,
719 3131 820 3209 gelido
834 3130 1021 3191 contermina
1033 3132 1116 3192 sonti
1351 3161 1378 3203 φ

399 3224 494 3283 Pacta
506 3224 634 3301 placent,
650 3234 681 3283 et
694 3224 753 3296 lux,
768 3223 851 3283 tarde
865 3222 1021 3284 discedere
1034 3224 1107 3298 visa,

398 3316 616 3392 Praecipitatur
628 3316 721 3393 aquis,
737 3326 767 3376 et
781 3316 867 3393 aquis
880 3335 941 3376 nox
954 3317 1046 3395 surgit
1059 3319 1099 3379 ab
1112 3317 1217 3380 isdem.

401 3408 523 3468 Callida
535 3427 590 3486 per
602 3409 742 3469 tenebras
755 3419 874 3469 versato
887 3409 1010 3501 cardine
1023 3410 1137 3471 Thisbe

398 3501 561 3579 Egreditur
573 3502 707 3579 fallitque
721 3521 801 3575 suos,
816 3502 1020 3579 adopemue
1032 3503 1147 3564 vultum

397 3595 542 3655 Pervenit
554 3595 594 3654 ad
607 3595 762 3668 tumulum,
776 3594 917 3671 dietaque
930 3595 986 3656 sub
999 3595 1104 3656 arbore
1117 3596 1203 3658 sedit
1301 3614 1304 3620 ·
1350 3626 1377 3665 ας

299 3753 302 3758 ,
397 3689 558 3749 Audacem
571 3689 700 3750 satiebat
713 3707 805 3749 amor.
846 3688 941 3749 Venit
954 3706 1024 3750 ecce
1037 3690 1150 3750 necenti

398 3783 505 3843 Caede
519 3783 624 3842 leaena
637 3782 729 3842 boum
743 3791 918 3859 spumantes
930 3781 1024 3842 oblita
1036 3781 1136 3856 rioms,

398 3875 585 3953 Depositura
598 3875 679 3935 sitim
692 3874 783 3934 vicini
796 3873 886 3934 fontis
900 3874 932 3933 iu
946 3874 1034 3934 unda.

397 3968 501 4044 Quam
515 3968 619 4047 procul
633 3968 673 4029 ad
687 3967 776 4029 lunae
789 3966 890 4027 radios
904 3966 1069 4045 Babylonia
1082 3967 1196 4030 Thisbe
