3550 4859
398 555 454 631 ηαδ
712 569 739 613 1³.
760 568 896 619 uuus
913 568 1056 618 meum

397 715 487 775 Clara
500 713 574 787 dies,
590 714 688 794 socios
701 712 1017 776 inooeumltrorean
1031 711 1114 774 omiti
1276 747 1278 751 ·

397 808 535 866 Advocat
549 795 678 879 Aeneas,
693 805 857 881 mamque
871 825 908 865 ex
921 824 1030 883 aggere
1043 806 1140 868 satur:

397 899 590 958 Dardanidae
604 899 714 977 magni,
725 916 824 975 genus
836 898 899 959 alto
912 916 931 958 a
944 898 1088 974 sanguina
1102 898 1211 972 divum.
1336 936 1338 940 ψ
1353 925 1382 968 a,

397 994 525 1053 Annuus
539 990 651 1050 exactis
665 990 831 1067 completur
843 990 998 1055 mensibus
1011 990 1102 1064 orbis,

398 1086 445 1144 Ex
458 1104 519 1160 quo
532 1082 670 1161 reliquias
683 1082 836 1160 divinique
849 1102 919 1144 ossa
931 1083 1063 1159 parentis

399 1176 597 1239 Condidimus
611 1185 689 1236 terra
702 1183 892 1252 maestasque
904 1175 1086 1238 sacravimus
1100 1195 1175 1239 aras.
1325 1225 1329 1233 .

397 1273 525 1348 Jamque
540 1269 614 1342 dies,
630 1267 795 1341 usitatior,
810 1268 906 1342 edest,
922 1285 1012 1343 quem
1026 1287 1144 1347 semper
1156 1270 1308 1345 acerbum

398 1363 522 1438 Semper
535 1358 817 1424 honoratum-sic
831 1359 1199 1422 divoluistis-habebo
1355 1385 1380 1426 so

399 1456 493 1516 Hunc
508 1473 564 1532 ego
578 1453 713 1514 Gaetulis
726 1469 844 1529 agerem
858 1450 885 1512 si
899 1452 1036 1531 Syrtibus
1049 1454 1143 1527 exsul,
1157 1441 1166 1458 ’

399 1546 579 1625 Argolicove
593 1543 667 1605 mari
681 1545 848 1622 deprensus
862 1555 894 1604 et
907 1546 981 1606 urbe
996 1548 1153 1625 Mycenae,

397 1642 508 1700 Annua
521 1650 591 1699 vota
604 1650 704 1699 tamen
717 1637 939 1715 sollemnesque
953 1639 1057 1700 ordine
1070 1659 1198 1719 pompas

399 1736 593 1810 Exsequerer,
607 1742 810 1809 strueremque
824 1730 885 1792 suis
898 1731 1002 1792 altaria
1015 1732 1111 1794 donis.

399 1829 489 1886 Nunc
502 1826 581 1885 ultro
595 1825 633 1884 ad
647 1824 764 1887 cineres
777 1825 872 1902 ipsius
885 1835 917 1885 et
930 1844 1001 1886 osse
1013 1826 1154 1902 percutis,

399 1918 493 1982 Haud
507 1918 648 1995 equidem
661 1916 727 1980 sine
740 1929 841 1979 mente
854 1936 930 1991 reor,
943 1917 1010 1981 sine
1025 1919 1146 1980 numine
1160 1918 1270 1993 divum,

304 2052 306 2055 <
399 2013 552 2072 Adsumus
566 2021 597 2071 et
610 2021 713 2089 portus
727 2011 818 2074 delati
831 2011 974 2074 intremus
988 2010 1109 2073 amicos

399 2107 479 2184 Ergo
493 2104 581 2183 agite,
596 2114 628 2167 et
641 2104 753 2165 laetum
766 2105 867 2166 uincti
880 2104 1067 2166 celebremus
1081 2106 1245 2181 bonorem

399 2200 563 2258 Poscamus
577 2207 692 2271 ventos,
708 2207 798 2274 atque
811 2197 887 2260 mec
901 2216 950 2257 me
964 2216 1048 2258 sacra
1060 2198 1235 2283 quotannis

398 2290 484 2351 Urbe
497 2290 570 2350 velit
583 2291 680 2368 posita
693 2290 812 2368 templis
825 2289 883 2350 sibi
897 2290 974 2351 ferre
988 2290 1103 2352 dicatis.

397 2384 475 2445 Bina
488 2384 580 2443 boum
594 2383 680 2445 vobis
694 2384 787 2460 Troia
798 2394 958 2461 generatus
972 2385 1099 2444 Acestes

398 2480 460 2538 Dat
474 2496 598 2539 numero
610 2477 711 2554 capita
724 2476 755 2538 in
769 2496 881 2551 naves;
900 2476 1043 2537 adhibete
1058 2479 1187 2540 Penates

398 2569 438 2628 Et
451 2567 564 2645 patrios
579 2568 675 2645 epulis
687 2578 719 2629 et
733 2586 809 2644 quos
823 2567 896 2636 colit
908 2568 1019 2645 hospes
1034 2570 1170 2630 Acestes.

398 2664 563 2735 Praeterea,
579 2662 605 2720 si
618 2680 699 2722 nona
712 2660 792 2722 diem
806 2661 981 2722 mortalibus
995 2662 1105 2724 almum

396 2756 513 2814 Aurora
524 2754 661 2815 extulerit
673 2754 822 2831 radiisque
834 2753 973 2814 retexerit
986 2756 1100 2827 orbem,

396 2848 497 2910 Prima
510 2846 587 2907 citae
600 2847 725 2916 Teucris
738 2864 849 2924 ponam
863 2847 1027 2908 certamina
1040 2847 1165 2921 classis.;

396 2940 517 3016 Quique
531 2940 643 3017 pedum
656 2959 744 3001 cursu
756 2940 844 3013 valet,
859 2950 891 3000 et
904 2940 955 3017 qui
969 2940 1079 3000 viribus
1092 2940 1191 3002 audax

397 3035 459 3093 Aut
471 3034 572 3110 jaculo
587 3032 699 3092 incedit
711 3032 816 3093 melior
830 3033 1005 3110 levibusque
1020 3032 1144 3112 sagittis,

395 3127 455 3187 Seu
469 3125 562 3185 crudo
576 3124 786 3203 fiditpugnam
798 3126 984 3187 committere
997 3136 1108 3199 caestu,

397 3218 505 3279 Cuncti
520 3218 628 3290 adsint,
643 3218 823 3294 meritaeque
837 3228 1012 3295 exspectent
1026 3218 1158 3296 praemia
1170 3217 1297 3296 palmae,
1350 3241 1377 3284 ro

396 3312 458 3373 Ore
472 3311 568 3370 favete
583 3329 696 3385 omnes,
711 3320 743 3370 et
755 3311 865 3387 cingite
879 3320 1014 3389 tempora
1027 3311 1123 3372 ramis.

436 3403 487 3464 Sic
500 3404 578 3463 satus
592 3404 671 3463 velat
684 3414 819 3464 matema
832 3414 967 3481 tempora
979 3414 1084 3483 myrto.

397 3498 468 3556 Hoc
484 3497 631 3574 Helymus
644 3496 724 3569 ecit,
739 3496 797 3556 hoc
810 3496 877 3558 aevi
889 3506 1021 3557 maturus
1036 3499 1170 3571 Acestes,

397 3591 469 3649 Hoc
482 3607 557 3666 puer
569 3588 728 3663 Ascanius,
743 3588 876 3665 sequitur
888 3607 965 3666 quos
978 3600 1078 3651 cetera
1090 3590 1195 3668 pubes
1301 3645 1304 3654 .

396 3683 455 3742 Ille
470 3701 487 3742 e
501 3680 629 3748 conmlio
642 3682 743 3742 multis
756 3700 825 3742 cum
839 3682 960 3744 milibus
973 3683 1037 3744 ibat
1351 3706 1376 3747 rr

396 3775 447 3836 Ad
461 3775 615 3848 tumulum,
631 3793 740 3853 magna
753 3774 870 3836 medius
883 3775 1045 3840 comitante
1060 3786 1188 3838 caterve.

396 3868 459 3928 Hic
473 3868 534 3927 duo
547 3867 602 3927 rite
616 3887 698 3928 mero
712 3868 810 3934 libans
823 3869 977 3930 carchesia
990 3869 1109 3932 Baccho

396 3962 507 4023 Fundit
521 3962 612 4037 humi,
627 3962 688 4036 duo
698 3962 779 4036 ,iacta
792 3979 881 4037 noun,
896 3961 958 4028 duo
971 3963 1116 4042 sanguine
1131 3982 1224 4037 sacro,
