3550 4859
378 553 417 608 60
523 564 550 607 r.
573 564 674 607 ovron
696 564 830 607 nasonis
851 564 1060 610 umauonarr.
1083 568 1140 613 urs.
1164 570 1208 614 xr.

378 709 499 768 Liberat
513 708 687 769 arboribus:
707 728 819 785 quercu
832 728 919 770 coma
933 712 1050 771 caerula
1063 721 1179 774 tantam

378 802 523 880 Cingitur,
540 813 574 868 et
584 803 719 879 pendent
733 802 844 861 circum
857 822 932 863 cava
945 814 1079 881 tempora
1091 808 1226 884 glandes.

379 898 470 971 Isque
484 896 573 954 deum
587 894 704 972 pecoris
717 906 866 971 spectans,
882 900 920 955 In
939 897 1047 973 judice,
1063 898 1145 971 dixit,
1323 921 1360 960 1⁶0

337 1052 343 1065 .
379 989 470 1046 Nulla
484 1008 567 1047 mora
580 996 634 1047 est.
679 988 811 1047 Calamis
825 989 990 1067 agrestibus
1004 989 1124 1051 insonat
1137 993 1196 1065 ille,

379 1081 596 1157 Barbaricoque
611 1081 879 1141 Midan—aderat
894 1101 962 1141 narn
976 1084 1051 1143 forte
1065 1086 1235 1145 canenti-

379 1168 518 1235 Carmine
533 1175 653 1233 delenit
697 1176 771 1234 Post
785 1176 866 1234 hunc
880 1194 964 1235 sacer
978 1196 1030 1236 ora
1043 1179 1162 1239 retorsit

378 1269 503 1327 Tmolus
517 1269 556 1327 ad
570 1287 605 1327 os
621 1268 756 1327 Phoebi:
775 1268 889 1327 vultum
903 1287 958 1328 sua
971 1270 1046 1329 silva
1059 1282 1163 1332 secuta
1176 1281 1231 1333 est.

380 1362 444 1434 ille,
460 1372 549 1437 caput
562 1360 672 1419 flavum
685 1361 769 1419 lauro
784 1362 947 1421 Parnaside
960 1362 1086 1435 vinctus,

378 1454 477 1513 Verrit
491 1456 612 1512 humum
627 1453 718 1531 Tyrio
733 1463 862 1513 saturata
874 1455 986 1514 murice
1000 1456 1097 1531 palla,

380 1548 622 1623 Distinctamque
637 1548 729 1625 lyram
743 1546 868 1623 gemmis
882 1557 913 1606 et
927 1548 1067 1609 dentibus
1082 1549 1169 1611 Indis

342 1642 346 1651 '
381 1639 525 1699 Sustinuit
539 1640 631 1713 laeva,
647 1640 743 1699 tenuit
755 1659 861 1698 manus
875 1641 968 1700 altera
981 1642 1134 1717 plectrum.

380 1733 511 1793 Artificis
526 1742 621 1792 status
632 1732 696 1809 ipse
709 1731 773 1792 fuit
806 1734 886 1791 Tum
900 1734 1028 1794 stamina
1041 1734 1132 1796 docto

380 1825 493 1885 Pollice
508 1826 667 1894 sollicitat:
687 1844 815 1902 quorum
828 1825 989 1886 dulcedine
1001 1838 1106 1905 captus

381 1920 464 1978 Pana
481 1920 566 1998 jubet
580 1918 706 1978 Tmolus
720 1917 851 1977 citharae
865 1918 1038 1979 submittere
1052 1939 1177 1987 cannas⁴
1259 1941 1269 1960 ·

379 2012 530 2089 Judicium
544 2011 700 2087 sanctique
713 2011 814 2087 placet
826 2012 976 2103 sententia
988 2012 1099 2073 montis

381 2104 529 2165 Omnibus
540 2126 549 2179 ;
568 2104 698 2182 arguitur
712 2113 813 2163 tamen
826 2112 917 2179 atque
931 2103 1040 2183 injusta
1053 2116 1177 2167 vocatur

381 2197 481 2257 Unius
496 2215 634 2257 sermone
648 2196 760 2256 Midae.
804 2197 871 2255 Nec
886 2197 992 2257 Delius
1006 2216 1092 2259 aures

263 2366 267 2374 ι
382 2291 556 2349 Humanam
569 2290 695 2349 stolidas
708 2289 819 2366 patitur
832 2287 959 2349 retinere
972 2290 1116 2369 figuram3

383 2382 444 2443 Sed
458 2382 547 2442 trahit
561 2383 591 2441 in
606 2383 744 2459 spatium,
758 2381 896 2458 villisque
909 2382 1078 2443 albentibus
1092 2384 1205 2462 implet,

329 2473 332 2481 “
383 2476 605 2551 Instabilesque
618 2475 679 2534 imo
692 2474 764 2534 facit
776 2485 808 2535 et
821 2475 874 2535 dat
886 2493 979 2551 posse
992 2476 1113 2536 moveri.

383 2571 492 2629 Cetera
505 2580 575 2628 sunt
588 2568 736 2643 hominis3
755 2578 870 2645 partem
885 2569 1043 2629 dannatur
1055 2569 1087 2629 in
1100 2589 1199 2646 unarn,

383 2662 579 2739 Induiturque
592 2680 679 2722 aures
693 2662 773 2721 lente
786 2661 950 2740 gradientis
964 2662 1057 2722 aselli.

423 2756 480 2815 Ille
495 2756 616 2832 quidem
629 2756 716 2829 celat,
731 2755 869 2832 turpique
883 2764 1007 2815 onerata
1020 2755 1134 2833 pudore

382 2850 534 2926 Tempora
546 2847 701 2925 purpureis
715 2858 810 2908 tentat
823 2848 922 2909 vetare
936 2847 1038 2924 tiaris3

385 2943 446 3002 Sed
460 2941 564 3001 solitus
578 2942 685 3019 longos
698 2941 776 3000 ferro
791 2959 924 3001 resecare
938 2941 1064 3018 capillos

383 3035 509 3094 Viderat
522 3035 581 3093 hoc
594 3034 730 3092 famulus.
773 3034 834 3107 Qui
848 3052 940 3110 quum
954 3052 1011 3093 nec
1025 3034 1153 3111 prodere
1166 3034 1264 3096 visum

384 3128 527 3187 Dedecus
540 3126 671 3199 auderet,
686 3125 809 3202 cupiens
823 3126 927 3186 efferre
934 3127 998 3186 sub
1011 3145 1107 3201 auras,

385 3222 451 3280 Nec
465 3228 568 3297 posset
581 3218 705 3278 reticere
716 3228 826 3291 tamen,
841 3219 955 3279 secedit
969 3221 1152 3297 humumque

385 3314 498 3374 Ettodit
512 3322 551 3385 et,
566 3311 680 3372 domini
694 3311 798 3387 quales
812 3312 982 3389 adspexerit
995 3332 1090 3387 aures,

384 3408 470 3467 Voce
484 3407 685 3482 resertparva,
700 3413 855 3481 terraeque
869 3405 1073 3466 immurmurat
1086 3407 1211 3467 haustae
1220 3426 1244 3481 5·

386 3499 595 3575 Indiciumque
610 3517 681 3559 suae
694 3497 778 3559 vocis
791 3499 897 3557 tellure
911 3509 1028 3577 regesta
1042 3509 1043 3512 ’

386 3594 502 3666 Obruit,
517 3602 549 3652 et
562 3590 718 3652 scrobibus
731 3592 839 3651 tacitus
852 3592 981 3651 discedit
994 3591 1113 3669 opertis

386 3687 500 3747 Creber
513 3684 708 3745 arundinibus
722 3683 855 3743 tremulis
869 3683 912 3743 ibi
925 3702 1046 3762 surgere
1059 3684 1143 3745 lucus
1330 3710 1367 3749 ιφ

386 3778 496 3855 Coepit
510 3786 548 3851 et,
564 3787 597 3836 ut
610 3775 738 3853 primum
751 3777 843 3853 pleno
856 3777 996 3836 maturuit
1009 3795 1093 3849 aevo,

387 3871 523 3931 Prodidit
536 3870 697 3948 agricolam
710 3892 717 3928 :
736 3868 797 3929 leni
811 3887 880 3927 nana
895 3879 994 3929 motus
1007 3869 1047 3928 ab
1060 3871 1171 3929 Austro

387 3965 503 4025 Obruta
516 3963 606 4023 verba
620 3963 708 4021 refert
721 3960 894 4038 dominique
907 3962 1042 4039 coarguit
1055 3979 1149 4022 aures

487 4053 506 4093 a
645 4051 664 4091 a
803 4051 822 4091 a
962 4051 982 4091 e
1121 4051 1140 4091 a
