<?xml version="1.0" encoding="UTF-8"?>
<!DOCTYPE html PUBLIC "-//W3C//DTD XHTML 1.0 Transitional//EN"
    "http://www.w3.org/TR/xhtml1/DTD/xhtml1-transitional.dtd">
<html xmlns="http://www.w3.org/1999/xhtml" xml:lang="en" lang="en">
 <head>
  <title>
</title>
<meta http-equiv="Content-Type" content="text/html;charset=utf-8" />
  <meta name='ocr-system' content='tesseract 3.04.00' />
  <meta name='ocr-capabilities' content='ocr_page ocr_carea ocr_par ocr_line ocrx_word'/>
</head>
<body>
  <div class='ocr_page' id='page_1' title='image "./selectionsfromo00rolfgoog_0111.png"; bbox 0 0 3550 4859; ppageno 0'>
   <div class='ocr_carea' id='block_1_1' title="bbox 684 582 989 625">
    <p class='ocr_par' dir='ltr' id='par_1_1' title="bbox 684 582 989 625">
     <span class='ocr_line' id='line_1_1' title="bbox 684 582 989 625; baseline 0 -1"><span class='ocrx_word' id='word_1_1' title='bbox 684 582 864 625; x_wconf 81' lang='lat' dir='ltr'>GEORGICON</span> <span class='ocrx_word' id='word_1_2' title='bbox 888 582 946 625; x_wconf 73' lang='grc' dir='ltr'>ΗΒ.</span> <span class='ocrx_word' id='word_1_3' title='bbox 970 583 989 624; x_wconf 91' lang='lat'>1.</span> 
     </span>
    </p>
   </div>
   <div class='ocr_carea' id='block_1_2' title="bbox 347 725 1225 3599">
    <p class='ocr_par' dir='ltr' id='par_1_2' title="bbox 350 725 1143 899">
     <span class='ocr_line' id='line_1_2' title="bbox 351 725 1143 807; baseline 0 -20"><span class='ocrx_word' id='word_1_4' title='bbox 351 726 553 805; x_wconf 91' lang='lat' dir='ltr'>Concipiunt:</span> <span class='ocrx_word' id='word_1_5' title='bbox 573 726 643 786; x_wconf 91' lang='lat' dir='ltr'>hinc</span> <span class='ocrx_word' id='word_1_6' title='bbox 656 725 706 786; x_wconf 91' lang='lat' dir='ltr'>ille</span> <span class='ocrx_word' id='word_1_7' title='bbox 720 727 819 787; x_wconf 89' lang='lat' dir='ltr'>avium</span> <span class='ocrx_word' id='word_1_8' title='bbox 832 737 997 788; x_wconf 84' lang='lat' dir='ltr'><strong>concentus</strong></span> <span class='ocrx_word' id='word_1_9' title='bbox 1012 727 1042 786; x_wconf 93' lang='lat' dir='ltr'>iu</span> <span class='ocrx_word' id='word_1_10' title='bbox 1057 727 1143 807; x_wconf 86' lang='lat' dir='ltr'>agris,</span> 
     </span>
     <span class='ocr_line' id='line_1_3' title="bbox 350 819 1100 899; baseline 0.001 -20"><span class='ocrx_word' id='word_1_11' title='bbox 350 820 392 879; x_wconf 87' lang='lat' dir='ltr'>Et</span> <span class='ocrx_word' id='word_1_12' title='bbox 404 821 500 880; x_wconf 88' lang='lat' dir='ltr'>laetae</span> <span class='ocrx_word' id='word_1_13' title='bbox 514 819 655 897; x_wconf 83' lang='lat' dir='ltr'>pecudes,</span> <span class='ocrx_word' id='word_1_14' title='bbox 670 830 700 880; x_wconf 89' lang='lat' dir='ltr'>et</span> <span class='ocrx_word' id='word_1_15' title='bbox 713 830 838 881; x_wconf 87' lang='lat' dir='ltr'>ovantes</span> <span class='ocrx_word' id='word_1_16' title='bbox 850 830 970 899; x_wconf 83' lang='lat' dir='ltr'>gutture</span> <span class='ocrx_word' id='word_1_17' title='bbox 983 821 1072 881; x_wconf 79' lang='lat' dir='ltr'>corvi.</span> <span class='ocrx_word' id='word_1_18' title='bbox 1098 855 1100 861; x_wconf 56' lang='lat'><em>2</em></span> 
     </span>
    </p>

    <p class='ocr_par' dir='ltr' id='par_1_3' title="bbox 347 912 1225 3599">
     <span class='ocr_line' id='line_1_4' title="bbox 392 912 1155 991; baseline 0.003 -19"><span class='ocrx_word' id='word_1_19' title='bbox 392 912 425 973; x_wconf 91' lang='lat' dir='ltr'>Si</span> <span class='ocrx_word' id='word_1_20' title='bbox 437 932 509 972; x_wconf 90' lang='lat' dir='ltr'>vero</span> <span class='ocrx_word' id='word_1_21' title='bbox 523 914 618 972; x_wconf 89' lang='lat' dir='ltr'>solem</span> <span class='ocrx_word' id='word_1_22' title='bbox 632 912 671 973; x_wconf 88' lang='lat' dir='ltr'>ad</span> <span class='ocrx_word' id='word_1_23' title='bbox 684 913 821 991; x_wconf 87' lang='lat' dir='ltr'>rapidum</span> <span class='ocrx_word' id='word_1_24' title='bbox 834 914 980 991; x_wconf 88' lang='lat' dir='ltr'>lunasque</span> <span class='ocrx_word' id='word_1_25' title='bbox 994 924 1155 990; x_wconf 83' lang='lat' dir='ltr'>sequentes</span> 
     </span>
     <span class='ocr_line' id='line_1_5' title="bbox 349 1003 1093 1083; baseline 0.001 -17"><span class='ocrx_word' id='word_1_26' title='bbox 349 1005 466 1066; x_wconf 90' lang='lat' dir='ltr'>Ordine</span> <span class='ocrx_word' id='word_1_27' title='bbox 479 1003 629 1083; x_wconf 89' lang='lat' dir='ltr'>respicies,</span> <span class='ocrx_word' id='word_1_28' title='bbox 645 1025 808 1083; x_wconf 86' lang='lat' dir='ltr'><strong>numquam</strong></span> <span class='ocrx_word' id='word_1_29' title='bbox 821 1015 852 1067; x_wconf 88' lang='lat' dir='ltr'>te</span> <span class='ocrx_word' id='word_1_30' title='bbox 865 1007 996 1067; x_wconf 85' lang='lat' dir='ltr'>crastina</span> <span class='ocrx_word' id='word_1_31' title='bbox 1009 1006 1093 1067; x_wconf 83' lang='lat' dir='ltr'>fallet</span> 
     </span>
     <span class='ocr_line' id='line_1_6' title="bbox 350 1098 1102 1177; baseline 0.003 -19"><span class='ocrx_word' id='word_1_32' title='bbox 350 1100 447 1173; x_wconf 89' lang='lat' dir='ltr'>Hora,</span> <span class='ocrx_word' id='word_1_33' title='bbox 463 1118 561 1175; x_wconf 85' lang='lat' dir='ltr'>neque</span> <span class='ocrx_word' id='word_1_34' title='bbox 574 1098 692 1160; x_wconf 87' lang='lat' dir='ltr'>insidiis</span> <span class='ocrx_word' id='word_1_35' title='bbox 706 1099 803 1160; x_wconf 90' lang='lat' dir='ltr'>noctis</span> <span class='ocrx_word' id='word_1_36' title='bbox 817 1100 936 1177; x_wconf 85' lang='lat' dir='ltr'>capiere</span> <span class='ocrx_word' id='word_1_37' title='bbox 951 1119 1081 1160; x_wconf 87' lang='lat' dir='ltr'>serenae</span> <span class='ocrx_word' id='word_1_38' title='bbox 1099 1165 1102 1169; x_wconf 15' lang='grc' dir='ltr'><strong><em>Δ</em></strong></span> 
     </span>
     <span class='ocr_line' id='line_1_7' title="bbox 349 1193 1121 1273; baseline 0.004 -20"><span class='ocrx_word' id='word_1_39' title='bbox 349 1196 445 1267; x_wconf 86' lang='lat' dir='ltr'>Luna,</span> <span class='ocrx_word' id='word_1_40' title='bbox 460 1203 642 1254; x_wconf 89' lang='lat' dir='ltr'>revertentes</span> <span class='ocrx_word' id='word_1_41' title='bbox 656 1212 748 1269; x_wconf 87' lang='lat' dir='ltr'>quum</span> <span class='ocrx_word' id='word_1_42' title='bbox 761 1194 889 1270; x_wconf 90' lang='lat' dir='ltr'>primum</span> <span class='ocrx_word' id='word_1_43' title='bbox 903 1193 1016 1273; x_wconf 86' lang='lat' dir='ltr'>colligit</span> <span class='ocrx_word' id='word_1_44' title='bbox 1029 1194 1121 1272; x_wconf 74' lang='lat' dir='ltr'>ignes,</span> 
     </span>
     <span class='ocr_line' id='line_1_8' title="bbox 349 1287 1088 1365; baseline 0.001 -18"><span class='ocrx_word' id='word_1_45' title='bbox 349 1287 385 1348; x_wconf 89' lang='lat' dir='ltr'>Si</span> <span class='ocrx_word' id='word_1_46' title='bbox 398 1287 514 1365; x_wconf 83' lang='lat' dir='ltr'>nigrum</span> <span class='ocrx_word' id='word_1_47' title='bbox 529 1288 657 1346; x_wconf 89' lang='lat' dir='ltr'>obscuro</span> <span class='ocrx_word' id='word_1_48' title='bbox 670 1287 890 1364; x_wconf 88' lang='lat' dir='ltr'>comprenderit</span> <span class='ocrx_word' id='word_1_49' title='bbox 903 1290 973 1348; x_wconf 75' lang='lat' dir='ltr'>aera</span> <span class='ocrx_word' id='word_1_50' title='bbox 986 1306 1088 1359; x_wconf 88' lang='lat' dir='ltr'>cornu,</span> 
     </span>
     <span class='ocr_line' id='line_1_9' title="bbox 349 1379 1129 1458; baseline -0.003 -18"><span class='ocrx_word' id='word_1_51' title='bbox 349 1380 502 1440; x_wconf 78' lang='lat' dir='ltr'>Maximus</span> <span class='ocrx_word' id='word_1_52' title='bbox 515 1379 653 1458; x_wconf 81' lang='lat' dir='ltr'>agricolis</span> <span class='ocrx_word' id='word_1_53' title='bbox 666 1380 835 1457; x_wconf 80' lang='lat' dir='ltr'>pelagoque</span> <span class='ocrx_word' id='word_1_54' title='bbox 848 1379 1001 1458; x_wconf 88' lang='lat' dir='ltr'>parabitur</span> <span class='ocrx_word' id='word_1_55' title='bbox 1014 1379 1110 1440; x_wconf 88' lang='lat' dir='ltr'>imber</span> <span class='ocrx_word' id='word_1_56' title='bbox 1121 1400 1129 1453; x_wconf 90' lang='lat'>;</span> 
     </span>
     <span class='ocr_line' id='line_1_10' title="bbox 348 1472 1004 1552; baseline -0.003 -19"><span class='ocrx_word' id='word_1_57' title='bbox 348 1475 392 1533; x_wconf 83' lang='lat' dir='ltr'>nt</span> <span class='ocrx_word' id='word_1_58' title='bbox 405 1473 430 1533; x_wconf 88' lang='lat' dir='ltr'>si</span> <span class='ocrx_word' id='word_1_59' title='bbox 443 1472 609 1552; x_wconf 80' lang='lat' dir='ltr'>virgIneum</span> <span class='ocrx_word' id='word_1_60' title='bbox 623 1473 777 1533; x_wconf 82' lang='lat' dir='ltr'>suffuderit</span> <span class='ocrx_word' id='word_1_61' title='bbox 791 1491 842 1532; x_wconf 92' lang='lat' dir='ltr'>ore</span> <span class='ocrx_word' id='word_1_62' title='bbox 856 1473 1004 1546; x_wconf 85' lang='lat' dir='ltr'>ruborem,</span> 
     </span>
     <span class='ocr_line' id='line_1_11' title="bbox 348 1564 1146 1643; baseline 0.001 -18"><span class='ocrx_word' id='word_1_63' title='bbox 348 1564 468 1626; x_wconf 83' lang='lat' dir='ltr'>Ventus</span> <span class='ocrx_word' id='word_1_64' title='bbox 482 1566 557 1640; x_wconf 74' lang='lat' dir='ltr'>erit,</span> <span class='ocrx_word' id='word_1_65' title='bbox 577 1576 667 1626; x_wconf 89' lang='lat' dir='ltr'>vento</span> <span class='ocrx_word' id='word_1_66' title='bbox 681 1584 800 1643; x_wconf 89' lang='lat' dir='ltr'>semper</span> <span class='ocrx_word' id='word_1_67' title='bbox 813 1566 899 1626; x_wconf 90' lang='lat' dir='ltr'>rubet</span> <span class='ocrx_word' id='word_1_68' title='bbox 912 1581 1002 1625; x_wconf 89' lang='lat' dir='ltr'>aurea</span> <span class='ocrx_word' id='word_1_69' title='bbox 1016 1566 1146 1626; x_wconf 91' lang='lat' dir='ltr'>Phoebe.</span> 
     </span>
     <span class='ocr_line' id='line_1_12' title="bbox 349 1653 1119 1736; baseline -0.003 -17"><span class='ocrx_word' id='word_1_70' title='bbox 349 1653 403 1719; x_wconf 83' lang='lat' dir='ltr'>Sin</span> <span class='ocrx_word' id='word_1_71' title='bbox 416 1669 483 1719; x_wconf 91' lang='lat' dir='ltr'>ortu</span> <span class='ocrx_word' id='word_1_72' title='bbox 497 1668 611 1736; x_wconf 91' lang='lat' dir='ltr'>quarto,</span> <span class='ocrx_word' id='word_1_73' title='bbox 627 1677 756 1735; x_wconf 86' lang='lat' dir='ltr'>namque</span> <span class='ocrx_word' id='word_1_74' title='bbox 770 1658 796 1718; x_wconf 92' lang='lat' dir='ltr'>is</span> <span class='ocrx_word' id='word_1_75' title='bbox 810 1658 993 1719; x_wconf 90' lang='lat' dir='ltr'>certissimus</span> <span class='ocrx_word' id='word_1_76' title='bbox 1008 1669 1119 1731; x_wconf 89' lang='lat' dir='ltr'>auctor,</span> 
     </span>
     <span class='ocr_line' id='line_1_13' title="bbox 351 1752 1119 1830; baseline -0.003 -17"><span class='ocrx_word' id='word_1_77' title='bbox 351 1755 429 1814; x_wconf 91' lang='lat' dir='ltr'>Pura</span> <span class='ocrx_word' id='word_1_78' title='bbox 441 1771 541 1829; x_wconf 89' lang='lat' dir='ltr'>neque</span> <span class='ocrx_word' id='word_1_79' title='bbox 554 1752 690 1813; x_wconf 84' lang='lat' dir='ltr'>obtunsis</span> <span class='ocrx_word' id='word_1_80' title='bbox 703 1772 758 1830; x_wconf 90' lang='lat' dir='ltr'>per.</span> <span class='ocrx_word' id='word_1_81' title='bbox 770 1753 888 1813; x_wconf 87' lang='lat' dir='ltr'>coelum</span> <span class='ocrx_word' id='word_1_82' title='bbox 902 1753 1043 1812; x_wconf 90' lang='lat' dir='ltr'>cornibus</span> <span class='ocrx_word' id='word_1_83' title='bbox 1056 1752 1119 1825; x_wconf 89' lang='lat' dir='ltr'>ibit,</span> 
     </span>
     <span class='ocr_line' id='line_1_14' title="bbox 350 1845 1045 1921; baseline -0.001 -15"><span class='ocrx_word' id='word_1_84' title='bbox 350 1848 445 1906; x_wconf 88' lang='lat' dir='ltr'>Totus</span> <span class='ocrx_word' id='word_1_85' title='bbox 459 1854 490 1905; x_wconf 90' lang='lat' dir='ltr'>et</span> <span class='ocrx_word' id='word_1_86' title='bbox 504 1846 555 1904; x_wconf 92' lang='lat' dir='ltr'>ille</span> <span class='ocrx_word' id='word_1_87' title='bbox 569 1845 643 1918; x_wconf 89' lang='lat' dir='ltr'>dies,</span> <span class='ocrx_word' id='word_1_88' title='bbox 658 1855 688 1905; x_wconf 92' lang='lat' dir='ltr'>et</span> <span class='ocrx_word' id='word_1_89' title='bbox 702 1846 754 1921; x_wconf 92' lang='lat' dir='ltr'>qui</span> <span class='ocrx_word' id='word_1_90' title='bbox 768 1854 927 1905; x_wconf 86' lang='lat' dir='ltr'>nascentur</span> <span class='ocrx_word' id='word_1_91' title='bbox 941 1845 979 1905; x_wconf 87' lang='lat' dir='ltr'>ab</span> <span class='ocrx_word' id='word_1_92' title='bbox 994 1846 1045 1905; x_wconf 94' lang='lat' dir='ltr'>illo</span> 
     </span>
     <span class='ocr_line' id='line_1_15' title="bbox 351 1938 1159 2016; baseline -0.001 -17"><span class='ocrx_word' id='word_1_93' title='bbox 351 1941 496 1999; x_wconf 84' lang='lat' dir='ltr'>Exactum</span> <span class='ocrx_word' id='word_1_94' title='bbox 510 1939 549 2000; x_wconf 90' lang='lat' dir='ltr'>ad</span> <span class='ocrx_word' id='word_1_95' title='bbox 563 1957 705 2012; x_wconf 89' lang='lat' dir='ltr'>mensem,</span> <span class='ocrx_word' id='word_1_96' title='bbox 720 1938 822 2016; x_wconf 86' lang='lat' dir='ltr'>pluvia</span> <span class='ocrx_word' id='word_1_97' title='bbox 834 1938 992 2015; x_wconf 90' lang='lat' dir='ltr'>ventisque</span> <span class='ocrx_word' id='word_1_98' title='bbox 1007 1939 1159 2011; x_wconf 88' lang='lat' dir='ltr'>carebunt,</span> 
     </span>
     <span class='ocr_line' id='line_1_16' title="bbox 349 2031 1009 2109; baseline -0.002 -17"><span class='ocrx_word' id='word_1_99' title='bbox 349 2034 489 2109; x_wconf 88' lang='lat' dir='ltr'>Votaque</span> <span class='ocrx_word' id='word_1_100' title='bbox 503 2031 611 2092; x_wconf 88' lang='lat' dir='ltr'>servati</span> <span class='ocrx_word' id='word_1_101' title='bbox 625 2032 742 2091; x_wconf 89' lang='lat' dir='ltr'>solvent</span> <span class='ocrx_word' id='word_1_102' title='bbox 754 2031 786 2090; x_wconf 90' lang='lat' dir='ltr'>in</span> <span class='ocrx_word' id='word_1_103' title='bbox 801 2031 886 2092; x_wconf 89' lang='lat' dir='ltr'>litore</span> <span class='ocrx_word' id='word_1_104' title='bbox 902 2044 1009 2092; x_wconf 89' lang='lat' dir='ltr'>nautae</span> 
     </span>
     <span class='ocr_line' id='line_1_17' title="bbox 349 2124 1018 2202; baseline -0.004 -15"><span class='ocrx_word' id='word_1_105' title='bbox 349 2126 467 2187; x_wconf 90' lang='lat' dir='ltr'>Glauco</span> <span class='ocrx_word' id='word_1_106' title='bbox 481 2134 511 2185; x_wconf 88' lang='lat' dir='ltr'>et</span> <span class='ocrx_word' id='word_1_107' title='bbox 526 2127 684 2202; x_wconf 87' lang='lat' dir='ltr'>Panopeae</span> <span class='ocrx_word' id='word_1_108' title='bbox 698 2134 728 2184; x_wconf 90' lang='lat' dir='ltr'>et</span> <span class='ocrx_word' id='word_1_109' title='bbox 743 2127 821 2184; x_wconf 91' lang='lat' dir='ltr'>Inoo</span> <span class='ocrx_word' id='word_1_110' title='bbox 836 2124 1018 2185; x_wconf 86' lang='lat' dir='ltr'>Melicertae.</span> 
     </span>
     <span class='ocr_line' id='line_1_18' title="bbox 349 2215 1225 2296; baseline -0.002 -17"><span class='ocrx_word' id='word_1_111' title='bbox 349 2220 401 2280; x_wconf 89' lang='lat' dir='ltr'>Sol</span> <span class='ocrx_word' id='word_1_112' title='bbox 416 2236 535 2296; x_wconf 90' lang='lat' dir='ltr'>quoque</span> <span class='ocrx_word' id='word_1_113' title='bbox 549 2227 579 2278; x_wconf 92' lang='lat' dir='ltr'>et</span> <span class='ocrx_word' id='word_1_114' title='bbox 593 2215 736 2291; x_wconf 86' lang='lat' dir='ltr'>exoriens,</span> <span class='ocrx_word' id='word_1_115' title='bbox 752 2229 782 2277; x_wconf 89' lang='lat' dir='ltr'>et</span> <span class='ocrx_word' id='word_1_116' title='bbox 796 2235 887 2294; x_wconf 90' lang='lat' dir='ltr'>quum</span> <span class='ocrx_word' id='word_1_117' title='bbox 903 2235 935 2278; x_wconf 89' lang='lat' dir='ltr'>se</span> <span class='ocrx_word' id='word_1_118' title='bbox 949 2218 1061 2278; x_wconf 86' lang='lat' dir='ltr'>condet</span> <span class='ocrx_word' id='word_1_119' title='bbox 1074 2216 1105 2277; x_wconf 90' lang='lat' dir='ltr'>in</span> <span class='ocrx_word' id='word_1_120' title='bbox 1119 2216 1225 2291; x_wconf 83' lang='lat' dir='ltr'>undas,</span> 
     </span>
     <span class='ocr_line' id='line_1_19' title="bbox 350 2310 1141 2391; baseline -0.004 -18"><span class='ocrx_word' id='word_1_121' title='bbox 350 2312 445 2391; x_wconf 82' lang='lat' dir='ltr'>Signa</span> <span class='ocrx_word' id='word_1_122' title='bbox 458 2311 559 2385; x_wconf 75' lang='lat' dir='ltr'>dabit,</span> <span class='ocrx_word' id='word_1_123' title='bbox 579 2311 675 2370; x_wconf 89' lang='lat' dir='ltr'>solem</span> <span class='ocrx_word' id='word_1_124' title='bbox 689 2310 854 2370; x_wconf 87' lang='lat' dir='ltr'>certissima</span> <span class='ocrx_word' id='word_1_125' title='bbox 867 2310 954 2389; x_wconf 86' lang='lat' dir='ltr'>signa</span> <span class='ocrx_word' id='word_1_126' title='bbox 969 2320 1141 2387; x_wconf 89' lang='lat' dir='ltr'>sequuntur,</span> 
     </span>
     <span class='ocr_line' id='line_1_20' title="bbox 349 2402 1144 2482; baseline -0.003 -16"><span class='ocrx_word' id='word_1_127' title='bbox 349 2408 391 2467; x_wconf 89' lang='lat' dir='ltr'>Et</span> <span class='ocrx_word' id='word_1_128' title='bbox 404 2424 481 2482; x_wconf 89' lang='lat' dir='ltr'>quae</span> <span class='ocrx_word' id='word_1_129' title='bbox 495 2423 583 2463; x_wconf 90' lang='lat' dir='ltr'>mane</span> <span class='ocrx_word' id='word_1_130' title='bbox 596 2402 694 2477; x_wconf 82' lang='lat' dir='ltr'>refert,</span> <span class='ocrx_word' id='word_1_131' title='bbox 709 2413 740 2463; x_wconf 91' lang='lat' dir='ltr'>et</span> <span class='ocrx_word' id='word_1_132' title='bbox 752 2422 830 2479; x_wconf 87' lang='lat' dir='ltr'>quae</span> <span class='ocrx_word' id='word_1_133' title='bbox 844 2402 1034 2481; x_wconf 86' lang='lat' dir='ltr'>surgentibus</span> <span class='ocrx_word' id='word_1_134' title='bbox 1048 2403 1144 2464; x_wconf 87' lang='lat' dir='ltr'>astris.</span> 
     </span>
     <span class='ocr_line' id='line_1_21' title="bbox 348 2497 1083 2559; baseline -0.001 0"><span class='ocrx_word' id='word_1_135' title='bbox 348 2500 409 2559; x_wconf 90' lang='lat' dir='ltr'>Ille</span> <span class='ocrx_word' id='word_1_136' title='bbox 423 2498 475 2558; x_wconf 89' lang='lat' dir='ltr'>nbi</span> <span class='ocrx_word' id='word_1_137' title='bbox 489 2508 662 2558; x_wconf 86' lang='lat' dir='ltr'>nascentem</span> <span class='ocrx_word' id='word_1_138' title='bbox 677 2498 801 2557; x_wconf 88' lang='lat' dir='ltr'>maculis</span> <span class='ocrx_word' id='word_1_139' title='bbox 814 2497 971 2558; x_wconf 87' lang='lat' dir='ltr'>variaverit</span> <span class='ocrx_word' id='word_1_140' title='bbox 984 2508 1083 2558; x_wconf 88' lang='lat' dir='ltr'>ortum</span> 
     </span>
     <span class='ocr_line' id='line_1_22' title="bbox 348 2589 1103 2669; baseline -0.003 -16"><span class='ocrx_word' id='word_1_141' title='bbox 348 2592 500 2656; x_wconf 90' lang='lat' dir='ltr'>Conditus</span> <span class='ocrx_word' id='word_1_142' title='bbox 514 2591 545 2649; x_wconf 91' lang='lat' dir='ltr'>in</span> <span class='ocrx_word' id='word_1_143' title='bbox 559 2591 679 2663; x_wconf 90' lang='lat' dir='ltr'>nubem,</span> <span class='ocrx_word' id='word_1_144' title='bbox 695 2589 855 2667; x_wconf 90' lang='lat' dir='ltr'>medioque</span> <span class='ocrx_word' id='word_1_145' title='bbox 868 2590 1009 2669; x_wconf 83' lang='lat' dir='ltr'>refugerit</span> <span class='ocrx_word' id='word_1_146' title='bbox 1023 2591 1103 2663; x_wconf 89' lang='lat' dir='ltr'>orbe,</span> 
     </span>
     <span class='ocr_line' id='line_1_23' title="bbox 350 2682 1173 2763; baseline -0.004 -18"><span class='ocrx_word' id='word_1_147' title='bbox 350 2684 490 2763; x_wconf 89' lang='lat' dir='ltr'>Suspecti</span> <span class='ocrx_word' id='word_1_148' title='bbox 504 2683 558 2743; x_wconf 90' lang='lat' dir='ltr'>tibi</span> <span class='ocrx_word' id='word_1_149' title='bbox 571 2684 632 2743; x_wconf 89' lang='lat' dir='ltr'>sint</span> <span class='ocrx_word' id='word_1_150' title='bbox 646 2682 775 2757; x_wconf 91' lang='lat' dir='ltr'>imbres;</span> <span class='ocrx_word' id='word_1_151' title='bbox 795 2702 925 2760; x_wconf 90' lang='lat' dir='ltr'>namque</span> <span class='ocrx_word' id='word_1_152' title='bbox 939 2693 1045 2763; x_wconf 85' lang='lat' dir='ltr'>urguet</span> <span class='ocrx_word' id='word_1_153' title='bbox 1057 2684 1096 2744; x_wconf 89' lang='lat' dir='ltr'>ab</span> <span class='ocrx_word' id='word_1_154' title='bbox 1110 2682 1173 2743; x_wconf 89' lang='lat' dir='ltr'>alto</span> 
     </span>
     <span class='ocr_line' id='line_1_24' title="bbox 347 2775 1151 2853; baseline -0.002 -16"><span class='ocrx_word' id='word_1_155' title='bbox 347 2777 575 2853; x_wconf 88' lang='lat' dir='ltr'>Arboribusque</span> <span class='ocrx_word' id='word_1_156' title='bbox 589 2775 721 2852; x_wconf 85' lang='lat' dir='ltr'>satisque</span> <span class='ocrx_word' id='word_1_157' title='bbox 736 2779 834 2836; x_wconf 86' lang='lat' dir='ltr'>Notus</span> <span class='ocrx_word' id='word_1_158' title='bbox 848 2776 1010 2853; x_wconf 87' lang='lat' dir='ltr'>pecorique</span> <span class='ocrx_word' id='word_1_159' title='bbox 1024 2777 1151 2839; x_wconf 86' lang='lat' dir='ltr'>sinister.</span> 
     </span>
     <span class='ocr_line' id='line_1_25' title="bbox 348 2870 1058 2931; baseline -0.001 0"><span class='ocrx_word' id='word_1_160' title='bbox 348 2874 414 2931; x_wconf 89' lang='lat' dir='ltr'>Aut</span> <span class='ocrx_word' id='word_1_161' title='bbox 427 2870 479 2930; x_wconf 90' lang='lat' dir='ltr'>ubi</span> <span class='ocrx_word' id='word_1_162' title='bbox 493 2870 549 2929; x_wconf 91' lang='lat' dir='ltr'>sub</span> <span class='ocrx_word' id='word_1_163' title='bbox 563 2870 661 2929; x_wconf 89' lang='lat' dir='ltr'>lucem</span> <span class='ocrx_word' id='word_1_164' title='bbox 675 2870 770 2929; x_wconf 91' lang='lat' dir='ltr'>densa</span> <span class='ocrx_word' id='word_1_165' title='bbox 783 2870 860 2930; x_wconf 89' lang='lat' dir='ltr'>inter</span> <span class='ocrx_word' id='word_1_166' title='bbox 874 2871 978 2930; x_wconf 88' lang='lat' dir='ltr'>nubila</span> <span class='ocrx_word' id='word_1_167' title='bbox 991 2889 1058 2930; x_wconf 90' lang='lat' dir='ltr'>sese</span> 
     </span>
     <span class='ocr_line' id='line_1_26' title="bbox 349 2962 1091 3041; baseline 0 -19"><span class='ocrx_word' id='word_1_168' title='bbox 349 2962 470 3023; x_wconf 90' lang='lat' dir='ltr'>Diversi</span> <span class='ocrx_word' id='word_1_169' title='bbox 483 2972 622 3039; x_wconf 89' lang='lat' dir='ltr'>rumpent</span> <span class='ocrx_word' id='word_1_170' title='bbox 635 2963 719 3037; x_wconf 80' lang='lat' dir='ltr'>radii,</span> <span class='ocrx_word' id='word_1_171' title='bbox 734 2971 786 3023; x_wconf 87' lang='lat' dir='ltr'>aut</span> <span class='ocrx_word' id='word_1_172' title='bbox 799 2963 851 3023; x_wconf 90' lang='lat' dir='ltr'>ubi</span> <span class='ocrx_word' id='word_1_173' title='bbox 865 2964 979 3041; x_wconf 89' lang='lat' dir='ltr'>pallida</span> <span class='ocrx_word' id='word_1_174' title='bbox 992 2973 1091 3041; x_wconf 89' lang='lat' dir='ltr'>surget</span> 
     </span>
     <span class='ocr_line' id='line_1_27' title="bbox 348 3056 1030 3133; baseline 0.003 -18"><span class='ocrx_word' id='word_1_175' title='bbox 348 3056 475 3116; x_wconf 91' lang='lat' dir='ltr'>Tithoni</span> <span class='ocrx_word' id='word_1_176' title='bbox 488 3075 625 3117; x_wconf 89' lang='lat' dir='ltr'>croceum</span> <span class='ocrx_word' id='word_1_177' title='bbox 639 3057 778 3133; x_wconf 90' lang='lat' dir='ltr'>linquens</span> <span class='ocrx_word' id='word_1_178' title='bbox 793 3058 911 3117; x_wconf 90' lang='lat' dir='ltr'>Aurora</span> <span class='ocrx_word' id='word_1_179' title='bbox 924 3056 1030 3129; x_wconf 86' lang='lat' dir='ltr'>cubile,</span> 
     </span>
     <span class='ocr_line' id='line_1_28' title="bbox 350 3149 1141 3227; baseline -0.001 -18"><span class='ocrx_word' id='word_1_180' title='bbox 350 3152 433 3223; x_wconf 91' lang='lat' dir='ltr'>Heu,</span> <span class='ocrx_word' id='word_1_181' title='bbox 449 3150 527 3210; x_wconf 88' lang='lat' dir='ltr'>male</span> <span class='ocrx_word' id='word_1_182' title='bbox 541 3159 603 3209; x_wconf 90' lang='lat' dir='ltr'>tum</span> <span class='ocrx_word' id='word_1_183' title='bbox 618 3150 706 3209; x_wconf 89' lang='lat' dir='ltr'>mites</span> <span class='ocrx_word' id='word_1_184' title='bbox 720 3149 864 3210; x_wconf 86' lang='lat' dir='ltr'>defendet</span> <span class='ocrx_word' id='word_1_185' title='bbox 877 3149 1037 3227; x_wconf 90' lang='lat' dir='ltr'>pampinus</span> <span class='ocrx_word' id='word_1_186' title='bbox 1051 3167 1141 3210; x_wconf 87' lang='lat' dir='ltr'>uvas:</span> 
     </span>
     <span class='ocr_line' id='line_1_29' title="bbox 349 3242 1198 3321; baseline -0.001 -19"><span class='ocrx_word' id='word_1_187' title='bbox 349 3245 429 3302; x_wconf 89' lang='lat' dir='ltr'>Tam</span> <span class='ocrx_word' id='word_1_188' title='bbox 442 3242 537 3302; x_wconf 89' lang='lat' dir='ltr'>multa</span> <span class='ocrx_word' id='word_1_189' title='bbox 550 3242 581 3301; x_wconf 91' lang='lat' dir='ltr'>in</span> <span class='ocrx_word' id='word_1_190' title='bbox 594 3243 682 3303; x_wconf 91' lang='lat' dir='ltr'>tectis</span> <span class='ocrx_word' id='word_1_191' title='bbox 696 3244 847 3321; x_wconf 82' lang='lat' dir='ltr'>crepitans</span> <span class='ocrx_word' id='word_1_192' title='bbox 861 3244 928 3303; x_wconf 89' lang='lat' dir='ltr'>salit</span> <span class='ocrx_word' id='word_1_193' title='bbox 942 3243 1063 3302; x_wconf 86' lang='lat' dir='ltr'>horrida</span> <span class='ocrx_word' id='word_1_194' title='bbox 1075 3242 1198 3318; x_wconf 88' lang='lat' dir='ltr'>grando.</span> 
     </span>
     <span class='ocr_line' id='line_1_30' title="bbox 351 3335 1152 3414; baseline -0.002 -19"><span class='ocrx_word' id='word_1_195' title='bbox 351 3338 424 3395; x_wconf 92' lang='lat' dir='ltr'>Hoc</span> <span class='ocrx_word' id='word_1_196' title='bbox 438 3336 537 3409; x_wconf 88' lang='lat' dir='ltr'>etiam,</span> <span class='ocrx_word' id='word_1_197' title='bbox 553 3354 677 3397; x_wconf 88' lang='lat' dir='ltr'>emenso</span> <span class='ocrx_word' id='word_1_198' title='bbox 691 3355 783 3413; x_wconf 91' lang='lat' dir='ltr'>quum</span> <span class='ocrx_word' id='word_1_199' title='bbox 801 3338 864 3414; x_wconf 77' lang='lat' dir='ltr'>Jam</span> <span class='ocrx_word' id='word_1_200' title='bbox 878 3335 998 3395; x_wconf 91' lang='lat' dir='ltr'>decedit</span> <span class='ocrx_word' id='word_1_201' title='bbox 1013 3336 1152 3413; x_wconf 90' lang='lat' dir='ltr'>Olympo,</span> 
     </span>
     <span class='ocr_line' id='line_1_31' title="bbox 351 3426 1161 3508; baseline 0.002 -21"><span class='ocrx_word' id='word_1_202' title='bbox 351 3428 499 3488; x_wconf 88' lang='lat' dir='ltr'>Profuerit</span> <span class='ocrx_word' id='word_1_203' title='bbox 513 3429 684 3489; x_wconf 88' lang='lat' dir='ltr'>meminisse</span> <span class='ocrx_word' id='word_1_204' title='bbox 698 3430 812 3508; x_wconf 81' lang='lat' dir='ltr'>magis3</span> <span class='ocrx_word' id='word_1_205' title='bbox 834 3448 904 3488; x_wconf 89' lang='lat' dir='ltr'>nam</span> <span class='ocrx_word' id='word_1_206' title='bbox 918 3447 1010 3505; x_wconf 86' lang='lat' dir='ltr'>saepe</span> <span class='ocrx_word' id='word_1_207' title='bbox 1024 3426 1161 3489; x_wconf 87' lang='lat' dir='ltr'>videmus</span> 
     </span>
     <span class='ocr_line' id='line_1_32' title="bbox 352 3520 972 3599; baseline 0.002 -19"><span class='ocrx_word' id='word_1_208' title='bbox 352 3521 453 3599; x_wconf 88' lang='lat' dir='ltr'>Ipsius</span> <span class='ocrx_word' id='word_1_209' title='bbox 467 3520 499 3579; x_wconf 93' lang='lat' dir='ltr'>in</span> <span class='ocrx_word' id='word_1_210' title='bbox 512 3522 596 3582; x_wconf 89' lang='lat' dir='ltr'>vultu</span> <span class='ocrx_word' id='word_1_211' title='bbox 610 3523 707 3583; x_wconf 90' lang='lat' dir='ltr'>varios</span> <span class='ocrx_word' id='word_1_212' title='bbox 722 3542 820 3583; x_wconf 90' lang='lat' dir='ltr'>errare</span> <span class='ocrx_word' id='word_1_213' title='bbox 835 3523 951 3583; x_wconf 88' lang='lat' dir='ltr'>colores</span> <span class='ocrx_word' id='word_1_214' title='bbox 963 3543 972 3595; x_wconf 82' lang='lat'><em>3</em></span> 
     </span>
    </p>
   </div>
   <div class='ocr_carea' id='block_1_3' title="bbox 350 3605 1184 4064">
    <p class='ocr_par' dir='ltr' id='par_1_4' title="bbox 350 3605 1184 4064">
     <span class='ocr_line' id='line_1_33' title="bbox 351 3605 1092 3693; baseline 0 -18"><span class='ocrx_word' id='word_1_215' title='bbox 351 3614 516 3675; x_wconf 87' lang='lat' dir='ltr'>Caeruleus</span> <span class='ocrx_word' id='word_1_216' title='bbox 530 3616 660 3691; x_wconf 89' lang='lat' dir='ltr'>pluviam</span> <span class='ocrx_word' id='word_1_217' title='bbox 675 3605 840 3688; x_wconf 87' lang='lat' dir='ltr'>denuntiat,</span> <span class='ocrx_word' id='word_1_218' title='bbox 855 3616 961 3693; x_wconf 83' lang='lat' dir='ltr'>igneus</span> <span class='ocrx_word' id='word_1_219' title='bbox 977 3616 1092 3688; x_wconf 85' lang='lat' dir='ltr'>Euros;</span> 
     </span>
     <span class='ocr_line' id='line_1_34' title="bbox 351 3707 1104 3786; baseline -0.001 -19"><span class='ocrx_word' id='word_1_220' title='bbox 351 3708 406 3767; x_wconf 89' lang='lat' dir='ltr'>Sin</span> <span class='ocrx_word' id='word_1_221' title='bbox 419 3708 555 3768; x_wconf 88' lang='lat' dir='ltr'>maculae</span> <span class='ocrx_word' id='word_1_222' title='bbox 569 3708 712 3786; x_wconf 91' lang='lat' dir='ltr'>incipient</span> <span class='ocrx_word' id='word_1_223' title='bbox 725 3708 815 3768; x_wconf 90' lang='lat' dir='ltr'>rutilo</span> <span class='ocrx_word' id='word_1_224' title='bbox 829 3708 1022 3768; x_wconf 90' lang='lat' dir='ltr'>immiscerier</span> <span class='ocrx_word' id='word_1_225' title='bbox 1035 3707 1104 3785; x_wconf 88' lang='lat' dir='ltr'>igni,</span> 
     </span>
     <span class='ocr_line' id='line_1_35' title="bbox 350 3800 1085 3879; baseline 0 -18"><span class='ocrx_word' id='word_1_226' title='bbox 350 3800 464 3861; x_wconf 86' lang='lat' dir='ltr'>Omnia</span> <span class='ocrx_word' id='word_1_227' title='bbox 477 3811 541 3861; x_wconf 90' lang='lat' dir='ltr'>tum</span> <span class='ocrx_word' id='word_1_228' title='bbox 555 3800 665 3879; x_wconf 89' lang='lat' dir='ltr'>pariter</span> <span class='ocrx_word' id='word_1_229' title='bbox 678 3811 768 3861; x_wconf 89' lang='lat' dir='ltr'>vento</span> <span class='ocrx_word' id='word_1_230' title='bbox 783 3801 954 3877; x_wconf 91' lang='lat' dir='ltr'>nimbisque</span> <span class='ocrx_word' id='word_1_231' title='bbox 967 3801 1085 3861; x_wconf 88' lang='lat' dir='ltr'>videbis</span> 
     </span>
     <span class='ocr_line' id='line_1_36' title="bbox 351 3892 1184 3970; baseline 0.002 -18"><span class='ocrx_word' id='word_1_232' title='bbox 351 3894 489 3953; x_wconf 87' lang='lat' dir='ltr'>Fervere.</span> <span class='ocrx_word' id='word_1_233' title='bbox 533 3896 604 3954; x_wconf 90' lang='lat' dir='ltr'>Non</span> <span class='ocrx_word' id='word_1_234' title='bbox 618 3893 669 3954; x_wconf 85' lang='lat' dir='ltr'>illa</span> <span class='ocrx_word' id='word_1_235' title='bbox 683 3894 842 3970; x_wconf 89' lang='lat' dir='ltr'>quisquam</span> <span class='ocrx_word' id='word_1_236' title='bbox 856 3912 905 3953; x_wconf 90' lang='lat' dir='ltr'>me</span> <span class='ocrx_word' id='word_1_237' title='bbox 920 3902 1009 3953; x_wconf 88' lang='lat' dir='ltr'>nocte</span> <span class='ocrx_word' id='word_1_238' title='bbox 1022 3912 1077 3970; x_wconf 90' lang='lat' dir='ltr'>per</span> <span class='ocrx_word' id='word_1_239' title='bbox 1090 3892 1184 3954; x_wconf 88' lang='lat' dir='ltr'>altum</span> 
     </span>
     <span class='ocr_line' id='line_1_37' title="bbox 350 3987 1086 4064; baseline 0.004 -20"><span class='ocrx_word' id='word_1_240' title='bbox 350 3987 410 4060; x_wconf 89' lang='lat' dir='ltr'>Ire,</span> <span class='ocrx_word' id='word_1_241' title='bbox 426 4005 525 4064; x_wconf 90' lang='lat' dir='ltr'>neque</span> <span class='ocrx_word' id='word_1_242' title='bbox 538 4006 558 4046; x_wconf 90' lang='lat' dir='ltr'>a</span> <span class='ocrx_word' id='word_1_243' title='bbox 571 3995 648 4047; x_wconf 85' lang='lat' dir='ltr'>terra</span> <span class='ocrx_word' id='word_1_244' title='bbox 661 3996 783 4048; x_wconf 86' lang='lat' dir='ltr'>moneat</span> <span class='ocrx_word' id='word_1_245' title='bbox 794 3987 963 4061; x_wconf 86' lang='lat' dir='ltr'>convellere</span> <span class='ocrx_word' id='word_1_246' title='bbox 977 3987 1086 4047; x_wconf 70' lang='lat' dir='ltr'>lunens</span> 
     </span>
    </p>
   </div>
   <div class='ocr_carea' id='block_1_4' title="bbox 0 0 1780 4859">
    <p class='ocr_par' dir='ltr' id='par_1_5' title="bbox 0 0 1780 4859">
     <span class='ocr_line' id='line_1_38' title="bbox 0 0 1780 4859; baseline 0 0"><span class='ocrx_word' id='word_1_247' title='bbox 0 0 1780 4859; x_wconf 95' lang='lat' dir='ltr'> </span> 
     </span>
    </p>
   </div>
  </div>
 </body>
</html>
