3550 4859
441 536 489 598 16.
769 549 798 597 r.
819 551 922 597 orum
942 549 1077 598 summa

437 697 586 777 Scorpios,
601 707 632 760 et
642 696 740 759 cauda
751 697 897 776 flexisque
910 699 1058 776 utrimque
1072 695 1190 760 lacertis

438 790 567 870 Porrigit
579 790 611 851 in
625 792 754 869 spatium
769 792 920 869 ugnorum
933 794 1068 853 membra
1080 791 1214 853 duorum

438 887 532 945 Hunc
546 904 621 962 puer
634 896 668 945 ut
681 884 756 963 nigri
769 885 924 945 madidum
943 886 1053 946 sudore
1066 883 1175 946 veneni

437 978 570 1038 Vulnera
583 988 704 1039 curvata
717 978 905 1039 minitantem
919 978 1044 1056 cuspide
1057 977 1141 1052 vidit,

439 1070 553 1131 Mentis
567 1070 657 1149 inops
670 1070 769 1149 gelida
781 1071 941 1132 formidine
954 1072 1018 1132 lora
1030 1065 1151 1132 remisit
1235 1111 1238 1116 ·
1378 1095 1419 1126 ιω

438 1164 525 1240 Quae
538 1174 699 1241 postquam
713 1182 832 1225 summo
846 1182 968 1225 sensere
980 1164 1110 1242 jacentia
1123 1175 1217 1242 tergo,

439 1256 652 1335 Exspatiantur
664 1256 744 1333 equi,
759 1258 902 1334 nudoque
915 1256 1071 1318 inhibente
1084 1275 1138 1335 per
1151 1273 1238 1319 auras

439 1351 566 1427 Ignotae
580 1349 709 1428 regionis
723 1360 803 1424 eunt,
819 1369 938 1427 quaque
951 1350 1082 1427 impetus
1096 1350 1164 1427 egit,

440 1447 511 1505 Hac
525 1443 591 1504 sine
604 1445 670 1521 lege
683 1453 781 1517 ruunt,
796 1444 919 1520 altoque
933 1444 988 1504 snb
1003 1444 1123 1503 aethere
1137 1443 1204 1503 fixis

439 1539 598 1598 Incursant
613 1536 707 1597 stellis
721 1536 899 1613 rapiuntque
912 1554 967 1614 per
979 1536 1046 1596 avia
1060 1555 1187 1611 currum,
1380 1563 1417 1602 ω,

441 1632 480 1691 Et
493 1629 586 1689 modo
601 1648 717 1689 summa
730 1639 845 1707 petunt,
861 1629 954 1690 modo
968 1648 1022 1707 per
1035 1630 1151 1690 decliva
1164 1629 1289 1707 viasque

440 1721 621 1800 Praecipites
635 1723 732 1800 spatio
746 1733 840 1783 terrae
853 1722 993 1799 propiore
1008 1723 1147 1783 lemntiu.

440 1814 627 1893 Inferiusque
642 1816 703 1876 suis
717 1817 862 1876 fraternos
875 1833 990 1877 currere
1005 1816 1092 1876 Luna

440 1909 613 1972 Admiratur
626 1928 729 1986 equos,
745 1910 941 1986 ambustaque
954 1908 1058 1969 nubila
1071 1910 1206 1983 fumant3

441 2002 606 2081 Corripitur
618 2002 756 2077 flammis,
770 2012 805 2062 ut
818 2020 955 2079 quaeque
968 2000 1120 2076 altissima,
1135 2002 1233 2076 tellus,

441 2096 587 2173 Fissaque
601 2094 661 2173 agit
675 2095 765 2155 rimas
779 2105 810 2155 et
823 2094 905 2155 sucis
918 2105 981 2155 aret
995 2095 1141 2169 ademtis3

443 2191 557 2252 Pabula
569 2198 741 2264 canescunt,
757 2207 826 2248 cum
839 2187 996 2248 frondibus
1009 2187 1102 2248 uritur
1114 2188 1211 2261 arbos,
1316 2203 1319 2208 ·

330 2289 333 2294 ’
442 2282 661 2360 Materiemque
675 2300 732 2343 suo
745 2283 971 2359 praebetseges
985 2280 1067 2342 arida
1077 2281 1200 2342 damno.

443 2380 537 2438 Parva
551 2395 657 2455 queror
670 2398 676 2435 :
695 2393 821 2453 magnae
834 2385 962 2452 pereunt
974 2393 1043 2435 cum
1056 2376 1216 2435 moenibus
1229 2375 1327 2450 urbes,

442 2472 580 2548 Cumque
595 2468 656 2530 suis
670 2478 749 2529 totas
763 2468 884 2546 populis
897 2467 1037 2528 incendia
1049 2477 1155 2545 gentes
1383 2497 1420 2536 »ις

442 2566 482 2624 In
495 2563 627 2624 cinerem
640 2571 766 2622 vertunt.
808 2560 906 2621 Silvae
920 2579 989 2621 cum
1002 2560 1155 2622 montibus
1168 2561 1292 2623 ardent:

442 2656 537 2717 Ardet
550 2656 649 2716 Athos
663 2657 840 2731 Taumsque
855 2653 935 2715 Cilix
948 2664 979 2714 et
991 2655 1117 2714 Tmolus
1131 2664 1163 2715 et
1176 2655 1262 2729 Oete,

443 2752 483 2811 Et
496 2760 567 2809 tunc
582 2748 670 2822 sicca,
685 2748 767 2825 prius
780 2745 975 2808 celeberrima
987 2746 1129 2821 fonfibus,
1145 2748 1210 2821 Ide,

442 2842 661 2921 Virgineusque
675 2840 808 2901 Helicon
822 2851 853 2900 et
866 2841 1002 2901 nondum
1016 2841 1162 2919 Oeagrius
1175 2843 1333 2917 Haemos3

442 2935 582 2997 Ardetin
597 2934 775 2995 immensum
787 2932 945 3011 geminatis
957 2931 1077 3011 ignibus
1090 2935 1198 3009 Aetne,
1384 2961 1421 2992 m

444 3032 651 3105 Parnasusque
665 3027 768 3105 biceps
782 3037 813 3087 et
827 3029 907 3105 Fryx
921 3037 952 3087 et
965 3027 1102 3105 Cynthus
1115 3037 1146 3088 et
1160 3028 1280 3106 Othrys,

445 3125 485 3184 Et
498 3121 621 3184 tandem
636 3121 789 3198 Rhodope
803 3119 923 3181 nivibus
940 3119 1073 3194 caritura,
1089 3120 1262 3197 Mimasque

445 3215 656 3294 Dindymaque
670 3224 701 3274 et
714 3214 834 3292 Mycale
847 3222 995 3290 natusque
1008 3214 1048 3273 ad
1062 3231 1148 3273 sacra
1161 3212 1325 3275 Cithaeron
1335 3233 1345 3288 ;

445 3311 476 3369 N
477 3328 513 3370 ec
526 3318 652 3386 prosunt
666 3306 805 3385 Scythiae
818 3325 874 3367 sua
887 3306 1014 3384 frigora:
1034 3308 1189 3368 Caucasus
1202 3307 1295 3381 ardet,

446 3402 585 3479 Ossaque
599 3420 668 3461 cum
683 3399 781 3461 Pindo
795 3399 949 3479 majorque
963 3400 1111 3460 ambobus
1125 3399 1283 3479 Olympus,
1385 3426 1421 3465 us

445 3494 612 3572 &maeque
626 3494 721 3571 Alpes
734 3504 765 3554 et
778 3491 896 3553 nubifer
908 3492 1094 3569 Apenninus

446 3590 526 3649 Tum
539 3605 611 3648 vero
625 3586 782 3647 Phaethon
796 3584 913 3647 cunctis
927 3585 1092 3665 apartibus
1105 3587 1209 3648 orbem

447 3679 587 3758 Adspicit
601 3698 770 3754 accensum,
784 3698 842 3741 nec
856 3689 956 3740 tantos
970 3680 1096 3740 sustinet
1109 3690 1217 3755 aestus,

448 3776 668 3851 Ferventesque
682 3791 768 3833 auras
780 3773 863 3833 velut
876 3791 894 3833 e
907 3774 1027 3842 somace
1040 3774 1189 3851 profunda

448 3868 510 3930 Ore
523 3865 620 3941 trahit,
635 3884 794 3943 canusque
808 3884 880 3926 suos
894 3865 1074 3926 candescere
1087 3866 1195 3942 sentit3
1387 3896 1426 3935 ψ

449 3962 489 4024 ta
501 3979 600 4038 neque
611 3960 675 4038 jam
688 3958 803 4023 cinnes
817 3959 1032 4039 ejectamque
1046 3959 1175 4022 favillam
