3550 4859
458 560 516 617 230
773 556 799 598 P.
820 555 954 600 Vtuntur
975 555 1120 598 morus

457 700 518 763 Olli
534 701 575 761 sic
589 701 718 761 breviter
730 701 791 761 sata
805 710 851 761 est
865 702 1011 777 longaeva
1024 699 1182 760 sacerdos:

457 795 590 854 Anchisa
603 804 751 872 generate,
768 794 858 854 deum
871 792 1036 854 certissima
1049 794 1157 869 proles,

457 888 564 964 Cocyti
579 898 682 963 stagna
697 887 758 947 alta
770 886 854 947 tides
869 885 1063 963 Stygiamque
1076 886 1227 962 paludem,

457 980 497 1039 Di
513 982 597 1057 cujus
610 982 707 1056 jurare
722 979 828 1039 timent
840 991 871 1039 et
885 979 987 1039 fallere
1001 998 1120 1039 numen.

457 1075 545 1132 Haec
560 1072 665 1145 omnis,
680 1091 770 1148 quam
780 1072 885 1145 cernis,
898 1071 987 1148 inops
998 1071 1211 1149 inhumataque
1222 1074 1310 1132 turba
1322 1082 1389 1148 κη
1401 1100 1441 1141 aas

457 1166 587 1226 Portitor
600 1165 650 1224 ille
665 1166 786 1226 Charon
799 1187 808 1238 ;
828 1166 867 1238 hi,
883 1184 960 1241 quos
973 1164 1055 1224 vehit
1068 1166 1158 1239 unda,
1174 1165 1290 1242 sepulti

457 1261 524 1318 Nec
539 1258 617 1335 ripas
632 1259 718 1318 datur
730 1259 894 1319 horrendas
907 1268 938 1318 et
951 1277 1040 1317 rauca
1053 1259 1165 1319 fluenta

456 1353 671 1428 Transportare
686 1350 776 1427 prius,
792 1370 881 1427 quarn
896 1350 1018 1412 sedibus
1032 1370 1100 1410 ossa
1114 1350 1260 1427 quierunt

458 1447 587 1506 Centum
603 1454 700 1504 errant
714 1462 809 1503 anuos
823 1443 1010 1520 volitantque
1024 1444 1099 1503 haec
1113 1444 1200 1503 litora
1213 1444 1323 1504 circum
1335 1466 1345 1519 3

456 1540 536 1597 Turn
551 1538 672 1596 demum
687 1536 808 1596 admissi
822 1548 928 1615 stagna
941 1547 1081 1613 exoptata
1098 1536 1234 1596 revisunt

457 1630 600 1692 Constitit
614 1630 748 1690 Anchisa
761 1640 841 1689 satus
856 1640 886 1689 et
899 1629 1150 1706 vestigia-pressit,

457 1726 557 1783 Multa
570 1734 687 1799 putans,
703 1735 872 1799 sortemque
886 1723 989 1782 animo
1002 1722 1156 1782 miseratus
1169 1721 1310 1799 iniquam.

459 1817 563 1876 Cernit
577 1816 618 1876 ibi
632 1827 761 1876 maestos
776 1827 807 1876 et
819 1816 924 1876 mortis
938 1817 1052 1876 honore
1066 1827 1201 1875 carentes

458 1909 637 1985 Leucaspim
652 1919 683 1969 et
697 1909 805 1986 Lyciae
820 1910 975 1970 ductorem
988 1908 1091 1969 classis
1106 1910 1251 1982 Oronten,
1338 1948 1342 1956 -

459 2004 544 2077 Quos
559 1997 654 2075 simirl,
671 2022 689 2062 a
702 2005 795 2079 Troja
808 2013 935 2064 ventosa
947 2022 1001 2079 per
1014 2021 1144 2078 aequora
1157 2012 1270 2075 vectos,

458 2095 567 2157 Obruit
583 2099 699 2168 Auster,
715 2114 794 2171 aqua
807 2094 963 2156 involvens
977 2114 1143 2171 navemque
1158 2094 1304 2171 virosque.

500 2191 579 2247 Ecce
593 2191 774 2267 gubernator
787 2208 853 2248 sese
868 2188 1024 2248 Palinurus
1038 2190 1153 2264 agebat,

459 2282 520 2357 Qui
536 2282 649 2360 Libyco
664 2301 758 2358 nuper
772 2300 866 2354 cursu,
881 2281 954 2341 dum
968 2281 1066 2341 sidera
1080 2291 1185 2354 servat,

460 2375 619 2434 Exciderat
633 2375 726 2451 puppi
741 2374 847 2434 mediis
861 2375 971 2434 effusus
985 2374 1014 2434 in
1030 2374 1125 2434 undis

461 2470 555 2527 Hunc
570 2468 621 2527 ubi
635 2467 685 2527 vix
698 2468 792 2526 multa
805 2479 952 2527 maestum
966 2467 1108 2545 co'gnovit
1121 2467 1152 2526 in
1166 2469 1279 2541 umbra,

458 2560 508 2621 Sic
522 2560 602 2638 prior
616 2559 792 2637 alloquitur:
813 2559 889 2635 Quis
904 2570 943 2633 te,
959 2560 1104 2633 Palinure,
1121 2561 1246 2620 deorum

460 2654 575 2729 Eripuit
590 2654 685 2726 nobis,
701 2654 861 2729 medioque
876 2655 932 2713 sub
946 2673 1075 2730 aequore
1089 2653 1210 2715 mersit?

461 2746 519 2806 Dic
535 2767 596 2823 age.
640 2749 779 2823 Namque
793 2747 876 2820 mihi,
892 2748 982 2806 fallax
994 2748 1074 2806 haud
1089 2758 1158 2822 ante
1172 2758 1313 2825 repertus,

460 2843 532 2900 Hoc
546 2860 608 2899 uno
622 2859 767 2916 responso
781 2839 914 2900 animum
928 2838 1036 2900 delusit
1048 2841 1171 2916 Apollo,

460 2933 520 3006 Qui
535 2935 597 2992 sore
613 2944 642 2992 te
657 2945 751 3009 ponto
766 2933 956 3006 incolumem,
971 2934 1106 3008 finesque
1120 2935 1248 2994 canebat

458 3027 625 3085 Venturum
640 3025 801 3085 Ausonios
844 3027 893 3084 En
906 3027 981 3086 haec
996 3027 1141 3102 promissa
1153 3026 1230 3086 fides
1243 3029 1309 3087 est?

460 3118 516 3177 Ille
531 3130 649 3178 autem:
672 3120 780 3194 Neque
795 3129 824 3178 te
839 3119 957 3178 Phoebi
970 3118 1085 3178 cortina
1098 3118 1209 3194 fefellit,

460 3214 531 3270 Dux
545 3211 738 3285 Anchisiade,
754 3231 810 3271 nec
824 3230 872 3271 me
887 3211 962 3271 deus
976 3230 1104 3287 aequore
1119 3212 1229 3272 mersit

459 3306 599 3380 Namque
613 3306 825 3381 gubernaclum
839 3305 934 3365 multa
946 3304 975 3363 vi
989 3305 1063 3364 sorte
1078 3306 1236 3379 revulsum,

459 3396 517 3456 Cui
531 3397 619 3456 datus
635 3398 794 3457 haerebam
808 3408 910 3457 custos
923 3415 1086 3473 cursusque
1100 3400 1248 3474 regebam,

458 3490 661 3566 Praecipitans
676 3490 751 3551 traxi
766 3509 893 3551 mecum.
938 3489 1036 3550 Maria
1049 3509 1154 3567 aspera
1165 3492 1234 3567 juro

459 3584 529 3642 Non
545 3584 638 3641 ullum
654 3602 769 3659 prome
785 3593 902 3643 tantum
914 3574 1030 3660 cepisse
1044 3582 1190 3657 timorem,

458 3676 558 3750 Quam
573 3686 625 3735 tua
637 3695 684 3748 ne,
701 3676 828 3753 spoliata
841 3675 938 3750 armis
953 3695 1079 3737 excussa
1093 3676 1243 3754 magistro,

458 3770 608 3828 Deficeret
623 3769 712 3829 tantis
726 3769 811 3830 navis
825 3768 1013 3845 surgentibus
1026 3770 1123 3831 undis.

457 3864 533 3921 Tres
549 3864 647 3922 Notus
661 3862 799 3923 hibernas
812 3861 961 3922 immensa
974 3881 1027 3939 per
1040 3882 1171 3940 aequora
1184 3874 1290 3925 noctes

457 3955 548 4032 Venit
561 3975 609 4015 me
624 3956 772 4017 violentus
785 3974 883 4033 aqum
901 3954 1075 4018 viriumine
1088 3967 1196 4033 quarto
