3550 4859
675 567 883 613 uanum
906 567 966 614 uu
980 568 1028 614 π.
1301 575 1338 634 ⁸¹

349 772 351 775 ,
367 714 459 791 Quod
472 712 571 774 fremit
584 711 690 791 exigua
703 732 795 790 quum
809 733 960 774 summruu
974 714 1127 794 stringitur
1138 733 1220 777 eura.

368 810 428 870 Sed
442 819 603 886 postquam
616 817 765 867 remorata
774 826 848 868 suos
862 808 1004 886 cognovit
1016 827 1141 885 amores,

367 899 498 962 Furcutit
512 899 652 979 indignos
665 900 746 960 claro
755 900 904 978 plangore
918 902 1056 976 lacertus,

366 996 414 1069 Et,
429 994 540 1054 laniata
553 1011 655 1053 comas
669 994 865 1070 amplexaque
878 988 986 1072 corpus'
1000 1003 1141 1070 amatum,

365 1088 500 1147 Vulnera
512 1086 663 1163 supplevit
676 1086 803 1146 lacrimis
817 1088 979 1165 fletumque
994 1088 1092 1148 cruori
1305 1123 1341 1171 ²*

367 1181 499 1254 Miscuit,
514 1192 544 1240 et
557 1179 664 1258 gelidis
677 1180 709 1240 in
722 1180 852 1239 vultibus
866 1182 969 1241 oscula
983 1182 1090 1260 figens,

367 1276 501 1352 Pyrame,
516 1272 662 1346 clamavit,
678 1272 746 1349 quis
760 1281 790 1332 te
804 1273 877 1332 mihi
892 1293 978 1334 casus
992 1275 1124 1335 ademit?

367 1370 501 1445 Pyrame,
516 1366 684 1442 respondet
700 1375 755 1425 tua
768 1376 798 1425 te
812 1365 967 1426 uerissima
980 1368 1094 1427 Thisbe

367 1459 528 1519 Nominat!
550 1458 673 1532 Exaudi,
688 1460 847 1535 vultusque
860 1460 1135 1536 attollejaoeutest

367 1554 417 1613 Ad
431 1571 542 1612 nomen
555 1552 686 1611 Thisbes
699 1552 804 1620 oeulos
821 1552 882 1630 jum
897 1562 993 1612 morte
1006 1564 1143 1631 gravatos

367 1635 511 1724 Pyramus
525 1644 626 1717 erexit,
643 1644 765 1720 visaque
773 1643 947 1705 recondidit
955 1645 1020 1705 illa

367 1739 454 1812 Quae
466 1748 627 1816 postquam
639 1747 813 1813 vestemque
827 1756 912 1797 suam
927 1739 1076 1817 cognovit,
1091 1750 1122 1799 et
1130 1757 1209 1800 ense

366 1831 451 1891 Vidit
464 1832 685 1903 ebur-uacuum,
701 1832 768 1889 Tua
781 1840 811 1889 te
825 1849 938 1904 manus,
953 1831 1059 1908 inquit,
1073 1850 1216 1909 amorque

367 1924 511 1997 Perdidit,
527 1922 636 1982 infelix„
681 1925 735 1982 Est
749 1922 865 1982 etmihi
879 1923 1008 1983 fortisin
1021 1943 1115 1985 uuum

368 2019 439 2077 Hoc
453 2035 568 2089 manus,
576 2025 631 2075 ‘est
644 2026 675 2075 et
688 2034 791 2091 amor;
811 2015 895 2076 dabit
908 2015 958 2075 hic
972 2015 1004 2075 in
1016 2018 1142 2077 vuluem
1153 2018 1239 2078 vires.
1306 2041 1317 2071 ι

367 2112 534 2186 Persequar
547 2109 734 2182 exstinctum,
749 2109 859 2186 letique
874 2109 1039 2170 miserrima
1052 2112 1135 2171 dicar

367 2205 468 2264 Causa
480 2220 642 2277 comesque
656 2202 718 2276 tui3
739 2201 850 2278 quique
865 2222 883 2261 a
896 2220 947 2261 me
960 2213 1056 2263 morte
1069 2204 1174 2263 revelli

366 2297 439 2355 Heu
454 2296 519 2355 sola
532 2306 658 2372 poteras,
673 2294 785 2370 poteris
799 2312 856 2354 nec
871 2304 966 2355 morte
980 2296 1090 2355 revelli.

367 2390 440 2449 Hoc
453 2398 553 2448 tamen
563 2388 721 2447 amborum
733 2388 833 2447 verbis
847 2397 945 2448 estote
958 2388 1062 2467 rogati,

368 2482 396 2543 O
411 2481 535 2540 multum
550 2480 657 2553 miseri,
671 2498 757 2540 meus
770 2480 919 2557 illiusque,
935 2491 1083 2559 parentes,

367 2576 420 2648 Ut,
436 2593 512 2650 quos
526 2584 624 2634 certus
637 2591 730 2648 amor,
745 2592 822 2649 quos
835 2575 910 2634 hora
924 2575 1087 2636 novissima
1104 2572 1211 2651 junxit,

368 2665 519 2744 Componi
533 2667 647 2727 tumulo
662 2684 724 2726 non
738 2667 897 2727 invideatis
911 2668 1028 2727 eodem

365 2762 409 2819 At
422 2770 464 2833 tu,
480 2778 557 2835 quae
571 2760 660 2819 ramis
674 2760 761 2819 arbor
775 2759 945 2820 miserabile
958 2778 1067 2837 corpus

367 2855 399 2912 N
401 2871 459 2912 unc
472 2852 549 2931 tegis
562 2851 659 2925 unius,
674 2871 744 2912 mox
758 2871 791 2913 es
806 2863 920 2913 tectura
933 2853 1069 2924 duorum,

366 2944 458 3023 Signa
471 2955 540 3005 tene
554 2945 664 3018 caedis,
679 2944 838 3023 pullosque
852 2957 882 3006 et
896 2946 1026 3005 luctibus
1036 2954 1128 3022 aptos

366 3040 491 3115 Semper
504 3038 582 3097 habe
595 3038 681 3111 setus,
696 3038 807 3116 gemini
821 3048 1017 3097 monumenta
1029 3038 1151 3097 cruoris.

366 3129 460 3204 Dixit,
475 3119 506 3190 et
519 3140 621 3207 aptato
633 3141 740 3208 pectus
753 3149 897 3191 mucrone
910 3131 967 3191 sub
981 3129 1074 3189 imum

365 3224 510 3284 Incubuit
523 3223 610 3297 ferro,
625 3224 707 3301 quod
720 3224 819 3283 adbuc
832 3243 852 3283 a
864 3224 958 3284 erede
971 3224 1101 3301 tepebat

303 3391 307 3397 .
364 3319 449 3377 Vota
461 3326 562 3376 tamen
576 3317 701 3395 tetigere
716 3317 799 3390 deos,
814 3316 937 3395 tetigere
951 3326 1090 3393 parentes
1096 3337 1110 3375 .:

365 3412 449 3469 Nam
462 3409 545 3469 color
559 3408 590 3467 in
603 3428 695 3487 pomo
709 3419 763 3483 est,
777 3409 831 3469 ubi
843 3409 1046 3486 permaturuit,
1062 3418 1145 3484 stem

364 3502 520 3578 Quodque
534 3501 612 3580 rogis
626 3512 771 3579 superest,
786 3520 846 3562 uua
858 3500 1018 3579 requiescit
1028 3502 1060 3561 in
1073 3521 1157 3563 urna.

489 3605 508 3643 s
664 3605 686 3645 u
844 3607 865 3643 u
1025 3607 1045 3645 s
1204 3606 1225 3649 e

406 3688 468 3748 Sed
483 3697 583 3753 tamen
596 3687 745 3747 ambobus
758 3705 864 3747 versae
876 3686 986 3747 solatia
997 3686 1113 3748 formae

365 3780 485 3859 Magna
498 3799 591 3858 nepos
606 3781 737 3854 dederat,
753 3798 843 3856 quem
857 3780 1010 3841 debellata
1022 3780 1143 3841 uolebat

365 3873 468 3947 India,
483 3890 573 3950 quem
585 3873 694 3950 positis
707 3873 878 3933 celebrabat
891 3873 1008 3933 Achaia
1019 3874 1148 3951 templis

365 3966 458 4027 Solus
472 3964 660 4027 Abantiades
669 3965 710 4026 ab
723 3964 836 4045 origiue
849 3975 950 4027 cretus
963 3964 1070 4026 eadem
