3550 4859
528 916 577 1075 r.
613 975 874 1073 ovrnrr
912 974 1250 1071 Nasonis

645 1232 881 1300 TRISTIUM
906 1232 1052 1298 LIBER
1075 1232 1132 1297 IV.

835 1455 935 1491 ..0-

720 1630 722 1635 ’
750 1632 950 1693 ELEG-IA
980 1632 1025 1691 X.

396 1800 476 1858 Ictu
490 1816 554 1875 ego,
570 1794 621 1873 qui
634 1792 748 1868 fuerim,
763 1804 933 1854 tenerorum
947 1793 1028 1853 lusor
1041 1811 1184 1867 amorum,

439 1892 538 1965 Quem
553 1888 633 1967 legis,
650 1900 683 1947 ut
696 1886 784 1961 noris,
800 1886 913 1964 accipe,
929 1886 1093 1963 posteritas
1176 1902 1180 1909 ’

397 1984 501 2044 Sulmo
515 1982 588 2041 mihi
602 1981 696 2059 patria
709 1992 763 2055 est,
778 1980 884 2058 gelidis
899 1980 1064 2041 uberrimus
1078 1980 1176 2054 undis,

440 2075 538 2135 Millia
552 2075 602 2153 qui
616 2074 719 2135 novies
734 2074 824 2135 distat
838 2075 877 2135 ab
893 2075 977 2135 Urbe
992 2075 1115 2135 decern:

397 2170 506 2230 Editus
520 2169 591 2229 hinc
605 2188 661 2246 ego
676 2188 742 2228 sum
753 2190 763 2243 3
782 2187 840 2228 nec
852 2188 925 2240 non,
940 2176 974 2227 ut
988 2179 1124 2244 tempora
1138 2166 1227 2241 noris,
1368 2183 1379 2233 ς

440 2262 542 2335 Quum
556 2258 666 2320 'cecidit
678 2259 740 2318 fato
752 2260 859 2319 consul
872 2270 998 2337 uterque
1011 2258 1095 2336 pari3

398 2355 429 2415 Si
444 2354 518 2431 quid
532 2354 563 2414 id
578 2364 631 2428 est,
645 2373 741 2431 usque
755 2373 774 2413 a
786 2353 905 2431 proavis
919 2364 1004 2414 vetus
1017 2352 1130 2414 ordinis
1144 2353 1238 2427 heres,

440 2450 512 2508 Non
526 2447 619 2508 modo
634 2449 783 2507 Fortunae
797 2467 920 2508 munere
934 2448 1029 2507 sactus
1043 2450 1142 2525 eques.

398 2544 466 2601 Nec
480 2540 570 2618 stirps
584 2540 680 2618 prima
691 2541 753 2615 iui3
773 2542 875 2619 genito
888 2560 956 2601 sum
970 2542 1057 2601 fratre
1072 2552 1196 2614 creatus,

441 2634 503 2709 Qui
516 2634 609 2695 tribus
623 2646 692 2694 ante
708 2646 812 2711 quater
824 2634 977 2695 mensibus
991 2645 1072 2695 ortus
1086 2644 1157 2695 erat

399 2727 520 2788 Lucifer
534 2729 690 2787 amborum
703 2727 851 2787 natalibus
865 2727 948 2788 affuit
962 2728 1062 2803 idem3
1111 2726 1113 2730 ’

441 2822 513 2881 Una
527 2822 676 2881 celebrata
690 2831 735 2880 est
748 2840 802 2897 per
814 2822 876 2881 duo
890 2820 952 2881 liba
965 2822 1038 2881 dies.

400 2915 489 2974 Haec
504 2925 549 2973 est
563 2913 715 2974 armiferae
728 2914 812 2974 sestis
825 2915 865 2974 de
878 2914 1011 2991 quinque
1026 2914 1189 2989 Minervae,

441 3007 528 3082 Quae
541 3006 604 3067 fieri
619 3026 719 3084 pugna
730 3007 827 3085 prima
840 3018 963 3067 cruenta
975 3008 1060 3068 solet

398 3100 539 3160 Protinus
552 3099 714 3169 excolimur
727 3099 829 3174 teneri3
844 3119 974 3177 curaque
988 3101 1118 3177 parentis

440 3196 524 3253 Imus
538 3194 576 3253 ad
591 3192 721 3271 insignes
736 3193 829 3254 Urbis
843 3195 883 3254 ab
897 3203 959 3253 arte
972 3193 1058 3254 viros.

399 3288 503 3347 Frater
516 3286 556 3345 ad
570 3288 721 3363 eloquium
734 3286 820 3347 viridi
833 3287 977 3347 tendebat
991 3289 1029 3347 ab
1044 3306 1126 3362 aevo,

440 3378 541 3440 Fortia
555 3379 673 3439 verbosi
687 3391 774 3439 natus
788 3380 827 3440 ad
840 3380 1000 3441 armaion.

396 3474 441 3532 At
455 3472 528 3531 mihi
541 3474 604 3549 jam
618 3492 712 3549 puero
726 3473 867 3533 coelestia
880 3493 968 3534 sacra·
978 3474 1146 3551 placebant,

440 3566 537 3641 Inque
553 3584 638 3624 suum
652 3565 752 3625 furtim
767 3568 857 3627 Musa
870 3568 1006 3628 trahebat
1019 3587 1102 3645 opus.

395 3659 494 3735 Saepe
508 3669 593 3735 pater
606 3657 699 3719 dixit:
718 3659 855 3719 Studium
869 3659 942 3737 quid
955 3660 1059 3722 inutile
1072 3664 1190 3724 tentas?

440 3751 619 3811 Maeonides
633 3752 730 3812 nullas
744 3753 808 3829 ipse
822 3752 940 3829 reliquit
953 3773 1035 3831 opes.
1172 3744 1174 3750 ¹

397 3844 504 3903 Motus
519 3863 599 3904 eram
613 3844 709 3918 dietis,
726 3847 1016 3923 totoqueHeiicone
1030 3849 1142 3922 relicto,

441 3937 576 3998 Scribere
591 3940 723 3999 conabar
735 3941 826 4001 verba
839 3941 937 4001 soluta
949 3941 1065 4003 modis:
