<?xml version="1.0" encoding="UTF-8"?>
<!DOCTYPE html PUBLIC "-//W3C//DTD XHTML 1.0 Transitional//EN"
    "http://www.w3.org/TR/xhtml1/DTD/xhtml1-transitional.dtd">
<html xmlns="http://www.w3.org/1999/xhtml" xml:lang="en" lang="en">
 <head>
  <title>
</title>
<meta http-equiv="Content-Type" content="text/html;charset=utf-8" />
  <meta name='ocr-system' content='tesseract 3.04.00' />
  <meta name='ocr-capabilities' content='ocr_page ocr_carea ocr_par ocr_line ocrx_word'/>
</head>
<body>
  <div class='ocr_page' id='page_1' title='image "./selectionsfromo00rolfgoog_0128.png"; bbox 0 0 3550 4859; ppageno 0'>
   <div class='ocr_carea' id='block_1_1' title="bbox 403 560 1232 607">
    <p class='ocr_par' dir='ltr' id='par_1_1' title="bbox 403 560 1232 607">
     <span class='ocr_line' id='line_1_1' title="bbox 403 560 1232 607; baseline 0.005 -6"><span class='ocrx_word' id='word_1_1' title='bbox 403 561 457 601; x_wconf 84' lang='lat'>112</span> <span class='ocrx_word' id='word_1_2' title='bbox 540 560 568 602; x_wconf 81' lang='grc' dir='ltr'>Ρ.</span> <span class='ocrx_word' id='word_1_3' title='bbox 590 560 725 601; x_wconf 86' lang='lat' dir='ltr'>VIRGILII</span> <span class='ocrx_word' id='word_1_4' title='bbox 747 561 891 604; x_wconf 74' lang='lat' dir='ltr'>MARONIS</span> <span class='ocrx_word' id='word_1_5' title='bbox 913 563 1095 605; x_wconf 81' lang='lat' dir='ltr'>GEORGICON</span> <span class='ocrx_word' id='word_1_6' title='bbox 1118 564 1175 607; x_wconf 80' lang='lat' dir='ltr'>Lm.</span> <span class='ocrx_word' id='word_1_7' title='bbox 1200 564 1232 606; x_wconf 92' lang='lat'>11.</span> 
     </span>
    </p>
   </div>
   <div class='ocr_carea' id='block_1_2' title="bbox 395 699 1268 3292">
    <p class='ocr_par' dir='ltr' id='par_1_2' title="bbox 395 699 1268 3105">
     <span class='ocr_line' id='line_1_2' title="bbox 398 699 1235 779; baseline -0.001 -17"><span class='ocrx_word' id='word_1_8' title='bbox 398 699 538 775; x_wconf 86' lang='lat' dir='ltr'>Sustinet,</span> <span class='ocrx_word' id='word_1_9' title='bbox 554 700 625 761; x_wconf 90' lang='lat' dir='ltr'>hinc</span> <span class='ocrx_word' id='word_1_10' title='bbox 638 712 772 763; x_wconf 86' lang='lat' dir='ltr'>armenta</span> <span class='ocrx_word' id='word_1_11' title='bbox 786 703 877 762; x_wconf 91' lang='lat' dir='ltr'>boum</span> <span class='ocrx_word' id='word_1_12' title='bbox 891 702 1070 778; x_wconf 88' lang='lat' dir='ltr'>meritosque</span> <span class='ocrx_word' id='word_1_13' title='bbox 1083 703 1235 779; x_wconf 86' lang='lat' dir='ltr'>juvencos.</span> 
     </span>
     <span class='ocr_line' id='line_1_3' title="bbox 398 794 1144 872; baseline 0.003 -19"><span class='ocrx_word' id='word_1_14' title='bbox 398 796 429 854; x_wconf 96' lang='lat' dir='ltr'>N</span> <span class='ocrx_word' id='word_1_15' title='bbox 430 814 465 854; x_wconf 87' lang='lat' dir='ltr'>ec</span> <span class='ocrx_word' id='word_1_16' title='bbox 479 794 605 870; x_wconf 70' lang='lat' dir='ltr'>requies</span> <span class='ocrx_word' id='word_1_17' title='bbox 621 796 693 871; x_wconf 93' lang='lat' dir='ltr'>quin</span> <span class='ocrx_word' id='word_1_18' title='bbox 708 806 759 855; x_wconf 88' lang='lat' dir='ltr'>aut</span> <span class='ocrx_word' id='word_1_19' title='bbox 774 796 870 872; x_wconf 92' lang='lat' dir='ltr'>pomis</span> <span class='ocrx_word' id='word_1_20' title='bbox 885 799 1026 857; x_wconf 88' lang='lat' dir='ltr'>exuberet</span> <span class='ocrx_word' id='word_1_21' title='bbox 1040 815 1144 869; x_wconf 91' lang='lat' dir='ltr'>annus,</span> 
     </span>
     <span class='ocr_line' id='line_1_4' title="bbox 399 888 1164 966; baseline 0 -19"><span class='ocrx_word' id='word_1_22' title='bbox 399 890 461 948; x_wconf 89' lang='lat' dir='ltr'>Aut</span> <span class='ocrx_word' id='word_1_23' title='bbox 475 889 536 948; x_wconf 83' lang='lat' dir='ltr'>fetu</span> <span class='ocrx_word' id='word_1_24' title='bbox 551 907 702 965; x_wconf 89' lang='lat' dir='ltr'>pecorum,</span> <span class='ocrx_word' id='word_1_25' title='bbox 718 899 768 948; x_wconf 91' lang='lat' dir='ltr'>aut</span> <span class='ocrx_word' id='word_1_26' title='bbox 783 890 915 950; x_wconf 91' lang='lat' dir='ltr'>Cerealis</span> <span class='ocrx_word' id='word_1_27' title='bbox 929 889 1051 966; x_wconf 84' lang='lat' dir='ltr'>mergite</span> <span class='ocrx_word' id='word_1_28' title='bbox 1065 888 1164 962; x_wconf 91' lang='lat' dir='ltr'>culmi,</span> 
     </span>
     <span class='ocr_line' id='line_1_5' title="bbox 399 981 1185 1059; baseline 0.001 -19"><span class='ocrx_word' id='word_1_29' title='bbox 399 983 609 1057; x_wconf 89' lang='lat' dir='ltr'>Proventuque</span> <span class='ocrx_word' id='word_1_30' title='bbox 624 992 727 1041; x_wconf 90' lang='lat' dir='ltr'>oneret</span> <span class='ocrx_word' id='word_1_31' title='bbox 742 984 841 1041; x_wconf 92' lang='lat' dir='ltr'>sulcos</span> <span class='ocrx_word' id='word_1_32' title='bbox 855 994 944 1059; x_wconf 85' lang='lat' dir='ltr'>atque</span> <span class='ocrx_word' id='word_1_33' title='bbox 959 983 1065 1042; x_wconf 91' lang='lat' dir='ltr'>horrea</span> <span class='ocrx_word' id='word_1_34' title='bbox 1079 981 1185 1041; x_wconf 85' lang='lat' dir='ltr'>vincat</span> 
     </span>
     <span class='ocr_line' id='line_1_6' title="bbox 396 1073 1142 1152; baseline 0.005 -22"><span class='ocrx_word' id='word_1_35' title='bbox 396 1074 489 1133; x_wconf 85' lang='lat' dir='ltr'>Venit</span> <span class='ocrx_word' id='word_1_36' title='bbox 502 1074 617 1133; x_wconf 90' lang='lat' dir='ltr'>hiems:</span> <span class='ocrx_word' id='word_1_37' title='bbox 639 1073 740 1133; x_wconf 87' lang='lat' dir='ltr'>teritur</span> <span class='ocrx_word' id='word_1_38' title='bbox 754 1073 892 1152; x_wconf 90' lang='lat' dir='ltr'>Sicyonia</span> <span class='ocrx_word' id='word_1_39' title='bbox 904 1077 998 1135; x_wconf 91' lang='lat' dir='ltr'>bacca</span> <span class='ocrx_word' id='word_1_40' title='bbox 1012 1074 1142 1152; x_wconf 86' lang='lat' dir='ltr'>trapetis,</span> 
     </span>
     <span class='ocr_line' id='line_1_7' title="bbox 398 1167 1162 1242; baseline 0 -14"><span class='ocrx_word' id='word_1_41' title='bbox 398 1167 516 1228; x_wconf 90' lang='lat' dir='ltr'>Glande</span> <span class='ocrx_word' id='word_1_42' title='bbox 532 1186 598 1225; x_wconf 89' lang='lat' dir='ltr'>sues</span> <span class='ocrx_word' id='word_1_43' title='bbox 613 1168 682 1227; x_wconf 91' lang='lat' dir='ltr'>laeti</span> <span class='ocrx_word' id='word_1_44' title='bbox 697 1168 830 1241; x_wconf 91' lang='lat' dir='ltr'>redeunt,</span> <span class='ocrx_word' id='word_1_45' title='bbox 847 1169 920 1228; x_wconf 88' lang='lat' dir='ltr'>dant</span> <span class='ocrx_word' id='word_1_46' title='bbox 934 1170 1038 1228; x_wconf 86' lang='lat' dir='ltr'>arbuta</span> <span class='ocrx_word' id='word_1_47' title='bbox 1053 1168 1162 1242; x_wconf 80' lang='lat' dir='ltr'>silvae3</span> 
     </span>
     <span class='ocr_line' id='line_1_8' title="bbox 398 1259 1043 1336; baseline 0.003 -17"><span class='ocrx_word' id='word_1_48' title='bbox 398 1261 438 1320; x_wconf 89' lang='lat' dir='ltr'>Et</span> <span class='ocrx_word' id='word_1_49' title='bbox 451 1259 548 1319; x_wconf 90' lang='lat' dir='ltr'>varios</span> <span class='ocrx_word' id='word_1_50' title='bbox 563 1259 648 1336; x_wconf 92' lang='lat' dir='ltr'>ponit</span> <span class='ocrx_word' id='word_1_51' title='bbox 662 1262 740 1319; x_wconf 85' lang='lat' dir='ltr'>fetus</span> <span class='ocrx_word' id='word_1_52' title='bbox 755 1271 924 1335; x_wconf 90' lang='lat' dir='ltr'>autumnus,</span> <span class='ocrx_word' id='word_1_53' title='bbox 940 1271 970 1321; x_wconf 91' lang='lat' dir='ltr'>et</span> <span class='ocrx_word' id='word_1_54' title='bbox 985 1264 1043 1322; x_wconf 92' lang='lat' dir='ltr'>alte</span> 
     </span>
     <span class='ocr_line' id='line_1_9' title="bbox 397 1352 1064 1430; baseline 0.003 -19"><span class='ocrx_word' id='word_1_55' title='bbox 397 1352 482 1412; x_wconf 90' lang='lat' dir='ltr'>Mitis</span> <span class='ocrx_word' id='word_1_56' title='bbox 497 1352 528 1411; x_wconf 92' lang='lat' dir='ltr'>in</span> <span class='ocrx_word' id='word_1_57' title='bbox 543 1353 649 1430; x_wconf 87' lang='lat' dir='ltr'>apricis</span> <span class='ocrx_word' id='word_1_58' title='bbox 664 1353 801 1429; x_wconf 88' lang='lat' dir='ltr'>coquitur</span> <span class='ocrx_word' id='word_1_59' title='bbox 814 1353 965 1414; x_wconf 89' lang='lat' dir='ltr'>vindemia</span> <span class='ocrx_word' id='word_1_60' title='bbox 978 1353 1064 1414; x_wconf 87' lang='lat' dir='ltr'>saxis.</span> 
     </span>
     <span class='ocr_line' id='line_1_10' title="bbox 397 1446 1105 1524; baseline 0.001 -18"><span class='ocrx_word' id='word_1_61' title='bbox 397 1449 518 1507; x_wconf 85' lang='lat' dir='ltr'>Interea</span> <span class='ocrx_word' id='word_1_62' title='bbox 531 1447 633 1505; x_wconf 86' lang='lat' dir='ltr'>dulces</span> <span class='ocrx_word' id='word_1_63' title='bbox 647 1448 779 1524; x_wconf 91' lang='lat' dir='ltr'>pendent</span> <span class='ocrx_word' id='word_1_64' title='bbox 793 1446 904 1519; x_wconf 82' lang='lat' dir='ltr'>circum</span> <span class='ocrx_word' id='word_1_65' title='bbox 919 1449 1020 1507; x_wconf 89' lang='lat' dir='ltr'>oscula</span> <span class='ocrx_word' id='word_1_66' title='bbox 1034 1446 1105 1521; x_wconf 90' lang='lat' dir='ltr'>nati,</span> 
     </span>
     <span class='ocr_line' id='line_1_11' title="bbox 398 1538 1146 1616; baseline 0 -16"><span class='ocrx_word' id='word_1_67' title='bbox 398 1540 490 1600; x_wconf 88' lang='lat' dir='ltr'>Casta</span> <span class='ocrx_word' id='word_1_68' title='bbox 503 1538 676 1616; x_wconf 89' lang='lat' dir='ltr'>pudicitiam</span> <span class='ocrx_word' id='word_1_69' title='bbox 690 1550 787 1599; x_wconf 86' lang='lat' dir='ltr'>servat</span> <span class='ocrx_word' id='word_1_70' title='bbox 801 1540 917 1613; x_wconf 80' lang='lat' dir='ltr'>domuS,</span> <span class='ocrx_word' id='word_1_71' title='bbox 933 1542 1024 1600; x_wconf 88' lang='lat' dir='ltr'>ubera</span> <span class='ocrx_word' id='word_1_72' title='bbox 1038 1558 1146 1600; x_wconf 91' lang='lat' dir='ltr'>vaccae</span> 
     </span>
     <span class='ocr_line' id='line_1_12' title="bbox 397 1631 1177 1710; baseline 0.004 -20"><span class='ocrx_word' id='word_1_73' title='bbox 397 1634 510 1692; x_wconf 92' lang='lat' dir='ltr'>Lactea</span> <span class='ocrx_word' id='word_1_74' title='bbox 522 1632 690 1706; x_wconf 88' lang='lat' dir='ltr'>demittunt,</span> <span class='ocrx_word' id='word_1_75' title='bbox 706 1631 891 1709; x_wconf 85' lang='lat' dir='ltr'>pinguesque</span> <span class='ocrx_word' id='word_1_76' title='bbox 906 1632 937 1691; x_wconf 91' lang='lat' dir='ltr'>in</span> <span class='ocrx_word' id='word_1_77' title='bbox 950 1632 1082 1710; x_wconf 86' lang='lat' dir='ltr'>gramine</span> <span class='ocrx_word' id='word_1_78' title='bbox 1096 1634 1177 1693; x_wconf 91' lang='lat' dir='ltr'>laeto</span> 
     </span>
     <span class='ocr_line' id='line_1_13' title="bbox 397 1725 1099 1785; baseline 0.001 -1"><span class='ocrx_word' id='word_1_79' title='bbox 397 1727 481 1785; x_wconf 89' lang='lat' dir='ltr'>Inter</span> <span class='ocrx_word' id='word_1_80' title='bbox 495 1745 527 1785; x_wconf 90' lang='lat' dir='ltr'>se</span> <span class='ocrx_word' id='word_1_81' title='bbox 543 1725 675 1785; x_wconf 90' lang='lat' dir='ltr'>adversis</span> <span class='ocrx_word' id='word_1_82' title='bbox 689 1726 837 1785; x_wconf 91' lang='lat' dir='ltr'>luctantur</span> <span class='ocrx_word' id='word_1_83' title='bbox 851 1725 990 1785; x_wconf 90' lang='lat' dir='ltr'>cornibus</span> <span class='ocrx_word' id='word_1_84' title='bbox 1004 1726 1099 1785; x_wconf 88' lang='lat' dir='ltr'>haedi.</span> 
     </span>
     <span class='ocr_line' id='line_1_14' title="bbox 397 1818 1138 1895; baseline 0 -17"><span class='ocrx_word' id='word_1_85' title='bbox 397 1821 468 1895; x_wconf 90' lang='lat' dir='ltr'>Ipse</span> <span class='ocrx_word' id='word_1_86' title='bbox 483 1818 546 1877; x_wconf 89' lang='lat' dir='ltr'>dies</span> <span class='ocrx_word' id='word_1_87' title='bbox 561 1818 652 1895; x_wconf 90' lang='lat' dir='ltr'>agitat</span> <span class='ocrx_word' id='word_1_88' title='bbox 667 1819 768 1891; x_wconf 86' lang='lat' dir='ltr'>festos,</span> <span class='ocrx_word' id='word_1_89' title='bbox 784 1819 925 1894; x_wconf 85' lang='lat' dir='ltr'>lususque</span> <span class='ocrx_word' id='word_1_90' title='bbox 939 1838 993 1895; x_wconf 90' lang='lat' dir='ltr'>per</span> <span class='ocrx_word' id='word_1_91' title='bbox 1006 1820 1138 1892; x_wconf 86' lang='lat' dir='ltr'>herbam,</span> 
     </span>
     <span class='ocr_line' id='line_1_15' title="bbox 396 1910 1131 1988; baseline 0 -17"><span class='ocrx_word' id='word_1_92' title='bbox 396 1911 480 1988; x_wconf 85' lang='lat' dir='ltr'>Ignis</span> <span class='ocrx_word' id='word_1_93' title='bbox 494 1911 547 1970; x_wconf 94' lang='lat' dir='ltr'>ubi</span> <span class='ocrx_word' id='word_1_94' title='bbox 561 1910 591 1969; x_wconf 92' lang='lat' dir='ltr'>in</span> <span class='ocrx_word' id='word_1_95' title='bbox 605 1912 706 1972; x_wconf 91' lang='lat' dir='ltr'>medio</span> <span class='ocrx_word' id='word_1_96' title='bbox 721 1922 751 1971; x_wconf 91' lang='lat' dir='ltr'>et</span> <span class='ocrx_word' id='word_1_97' title='bbox 765 1911 838 1971; x_wconf 92' lang='lat' dir='ltr'>socii</span> <span class='ocrx_word' id='word_1_98' title='bbox 851 1922 965 1971; x_wconf 91' lang='lat' dir='ltr'>cratera</span> <span class='ocrx_word' id='word_1_99' title='bbox 977 1922 1131 1985; x_wconf 86' lang='lat' dir='ltr'>coronant,</span> 
     </span>
     <span class='ocr_line' id='line_1_16' title="bbox 396 2003 1180 2081; baseline 0.003 -19"><span class='ocrx_word' id='word_1_100' title='bbox 396 2005 451 2078; x_wconf 89' lang='lat' dir='ltr'>Te,</span> <span class='ocrx_word' id='word_1_101' title='bbox 467 2003 574 2077; x_wconf 77' lang='lat' dir='ltr'>libam,</span> <span class='ocrx_word' id='word_1_102' title='bbox 590 2006 718 2078; x_wconf 90' lang='lat' dir='ltr'>Lenaee,</span> <span class='ocrx_word' id='word_1_103' title='bbox 734 2015 829 2078; x_wconf 91' lang='lat' dir='ltr'>vocat,</span> <span class='ocrx_word' id='word_1_104' title='bbox 845 2004 1020 2081; x_wconf 88' lang='lat' dir='ltr'>pecorisque</span> <span class='ocrx_word' id='word_1_105' title='bbox 1035 2004 1180 2081; x_wconf 90' lang='lat' dir='ltr'>magistris</span> 
     </span>
     <span class='ocr_line' id='line_1_17' title="bbox 396 2095 1045 2177; baseline 0.003 -22"><span class='ocrx_word' id='word_1_106' title='bbox 396 2096 519 2157; x_wconf 92' lang='lat' dir='ltr'>Velocis</span> <span class='ocrx_word' id='word_1_107' title='bbox 529 2097 621 2177; x_wconf 89' lang='lat' dir='ltr'>jaculi</span> <span class='ocrx_word' id='word_1_108' title='bbox 634 2095 797 2157; x_wconf 85' lang='lat' dir='ltr'>certamina</span> <span class='ocrx_word' id='word_1_109' title='bbox 810 2096 896 2173; x_wconf 88' lang='lat' dir='ltr'>ponit</span> <span class='ocrx_word' id='word_1_110' title='bbox 909 2097 940 2156; x_wconf 88' lang='lat' dir='ltr'>in</span> <span class='ocrx_word' id='word_1_111' title='bbox 954 2098 1045 2172; x_wconf 90' lang='lat' dir='ltr'>ulmo,</span> 
     </span>
     <span class='ocr_line' id='line_1_18' title="bbox 398 2190 1189 2269; baseline -0.001 -17"><span class='ocrx_word' id='word_1_112' title='bbox 398 2192 591 2269; x_wconf 89' lang='lat' dir='ltr'>Corporaque</span> <span class='ocrx_word' id='word_1_113' title='bbox 607 2190 714 2267; x_wconf 89' lang='lat' dir='ltr'>agresti</span> <span class='ocrx_word' id='word_1_114' title='bbox 728 2191 843 2250; x_wconf 91' lang='lat' dir='ltr'>nudant</span> <span class='ocrx_word' id='word_1_115' title='bbox 857 2191 1002 2267; x_wconf 89' lang='lat' dir='ltr'>praedura</span> <span class='ocrx_word' id='word_1_116' title='bbox 1016 2191 1189 2267; x_wconf 88' lang='lat' dir='ltr'>palaestrae.</span> 
     </span>
     <span class='ocr_line' id='line_1_19' title="bbox 398 2282 1070 2357; baseline -0.003 -13"><span class='ocrx_word' id='word_1_117' title='bbox 398 2286 490 2344; x_wconf 91' lang='lat' dir='ltr'>Hanc</span> <span class='ocrx_word' id='word_1_118' title='bbox 505 2284 576 2343; x_wconf 92' lang='lat' dir='ltr'>olim</span> <span class='ocrx_word' id='word_1_119' title='bbox 590 2295 705 2343; x_wconf 91' lang='lat' dir='ltr'>veteres</span> <span class='ocrx_word' id='word_1_120' title='bbox 720 2283 810 2343; x_wconf 91' lang='lat' dir='ltr'>vitam</span> <span class='ocrx_word' id='word_1_121' title='bbox 826 2285 944 2343; x_wconf 90' lang='lat' dir='ltr'>coluere</span> <span class='ocrx_word' id='word_1_122' title='bbox 959 2282 1070 2357; x_wconf 89' lang='lat' dir='ltr'>Sabini,</span> 
     </span>
     <span class='ocr_line' id='line_1_20' title="bbox 398 2375 1166 2450; baseline -0.003 -12"><span class='ocrx_word' id='word_1_123' title='bbox 398 2380 490 2438; x_wconf 90' lang='lat' dir='ltr'>Hanc</span> <span class='ocrx_word' id='word_1_124' title='bbox 506 2380 620 2437; x_wconf 91' lang='lat' dir='ltr'>Remus</span> <span class='ocrx_word' id='word_1_125' title='bbox 636 2388 666 2437; x_wconf 91' lang='lat' dir='ltr'>et</span> <span class='ocrx_word' id='word_1_126' title='bbox 680 2378 775 2450; x_wconf 83' lang='lat' dir='ltr'>frater,</span> <span class='ocrx_word' id='word_1_127' title='bbox 791 2376 833 2436; x_wconf 90' lang='lat' dir='ltr'>sic</span> <span class='ocrx_word' id='word_1_128' title='bbox 848 2375 930 2436; x_wconf 85' lang='lat' dir='ltr'>sortis</span> <span class='ocrx_word' id='word_1_129' title='bbox 945 2376 1061 2436; x_wconf 88' lang='lat' dir='ltr'>Etruria</span> <span class='ocrx_word' id='word_1_130' title='bbox 1074 2376 1166 2437; x_wconf 91' lang='lat' dir='ltr'>crevit</span> 
     </span>
     <span class='ocr_line' id='line_1_21' title="bbox 396 2468 1167 2546; baseline -0.005 -14"><span class='ocrx_word' id='word_1_131' title='bbox 396 2470 525 2544; x_wconf 86' lang='lat' dir='ltr'>Scilicet,</span> <span class='ocrx_word' id='word_1_132' title='bbox 541 2480 572 2530; x_wconf 92' lang='lat' dir='ltr'>et</span> <span class='ocrx_word' id='word_1_133' title='bbox 585 2490 682 2529; x_wconf 90' lang='lat' dir='ltr'>rerum</span> <span class='ocrx_word' id='word_1_134' title='bbox 696 2470 774 2529; x_wconf 85' lang='lat' dir='ltr'>facta</span> <span class='ocrx_word' id='word_1_135' title='bbox 788 2481 833 2530; x_wconf 88' lang='lat' dir='ltr'>est</span> <span class='ocrx_word' id='word_1_136' title='bbox 847 2468 1045 2546; x_wconf 90' lang='lat' dir='ltr'>pulcherrima</span> <span class='ocrx_word' id='word_1_137' title='bbox 1060 2472 1167 2544; x_wconf 85' lang='lat' dir='ltr'>Roma,</span> 
     </span>
     <span class='ocr_line' id='line_1_22' title="bbox 396 2552 1231 2640; baseline -0.004 -16"><span class='ocrx_word' id='word_1_138' title='bbox 396 2565 578 2640; x_wconf 89' lang='lat' dir='ltr'>Septemque</span> <span class='ocrx_word' id='word_1_139' title='bbox 592 2582 652 2623; x_wconf 91' lang='lat' dir='ltr'>una</span> <span class='ocrx_word' id='word_1_140' title='bbox 666 2562 722 2622; x_wconf 92' lang='lat' dir='ltr'>sibi</span> <span class='ocrx_word' id='word_1_141' title='bbox 736 2582 821 2621; x_wconf 91' lang='lat' dir='ltr'>muro</span> <span class='ocrx_word' id='word_1_142' title='bbox 836 2562 1031 2623; x_wconf 90' lang='lat' dir='ltr'>circumdedit</span> <span class='ocrx_word' id='word_1_143' title='bbox 1045 2582 1135 2623; x_wconf 89' lang='lat' dir='ltr'>arces.</span> <span class='ocrx_word' id='word_1_144' title='bbox 1228 2552 1231 2559; x_wconf 71' lang='grc'><strong>’</strong></span> 
     </span>
     <span class='ocr_line' id='line_1_23' title="bbox 395 2655 1105 2733; baseline -0.001 -17"><span class='ocrx_word' id='word_1_145' title='bbox 395 2658 476 2717; x_wconf 80' lang='lat' dir='ltr'>Ante</span> <span class='ocrx_word' id='word_1_146' title='bbox 491 2656 580 2717; x_wconf 89' lang='lat' dir='ltr'>etiarn</span> <span class='ocrx_word' id='word_1_147' title='bbox 596 2668 744 2733; x_wconf 90' lang='lat' dir='ltr'>sceptrum</span> <span class='ocrx_word' id='word_1_148' title='bbox 760 2655 877 2715; x_wconf 85' lang='lat' dir='ltr'>Dictaei</span> <span class='ocrx_word' id='word_1_149' title='bbox 892 2655 976 2732; x_wconf 91' lang='lat' dir='ltr'>regis,</span> <span class='ocrx_word' id='word_1_150' title='bbox 992 2666 1022 2715; x_wconf 90' lang='lat' dir='ltr'>et</span> <span class='ocrx_word' id='word_1_151' title='bbox 1037 2666 1105 2715; x_wconf 88' lang='lat' dir='ltr'>ante</span> 
     </span>
     <span class='ocr_line' id='line_1_24' title="bbox 397 2748 1142 2828; baseline -0.001 -20"><span class='ocrx_word' id='word_1_152' title='bbox 397 2749 497 2826; x_wconf 90' lang='lat' dir='ltr'>Impia</span> <span class='ocrx_word' id='word_1_153' title='bbox 510 2769 600 2825; x_wconf 91' lang='lat' dir='ltr'>quam</span> <span class='ocrx_word' id='word_1_154' title='bbox 614 2748 709 2809; x_wconf 88' lang='lat' dir='ltr'>caesis</span> <span class='ocrx_word' id='word_1_155' title='bbox 722 2769 796 2827; x_wconf 87' lang='lat' dir='ltr'>gens</span> <span class='ocrx_word' id='word_1_156' title='bbox 810 2760 855 2809; x_wconf 92' lang='lat' dir='ltr'>est</span> <span class='ocrx_word' id='word_1_157' title='bbox 869 2750 989 2825; x_wconf 91' lang='lat' dir='ltr'>epulata</span> <span class='ocrx_word' id='word_1_158' title='bbox 998 2749 1142 2828; x_wconf 89' lang='lat' dir='ltr'>juvencis,</span> 
     </span>
     <span class='ocr_line' id='line_1_25' title="bbox 396 2841 1146 2919; baseline -0.001 -17"><span class='ocrx_word' id='word_1_159' title='bbox 396 2845 512 2902; x_wconf 88' lang='lat' dir='ltr'>Aureus</span> <span class='ocrx_word' id='word_1_160' title='bbox 527 2842 604 2901; x_wconf 89' lang='lat' dir='ltr'>hanc</span> <span class='ocrx_word' id='word_1_161' title='bbox 618 2841 710 2902; x_wconf 89' lang='lat' dir='ltr'>vitam</span> <span class='ocrx_word' id='word_1_162' title='bbox 724 2842 753 2902; x_wconf 91' lang='lat' dir='ltr'>in</span> <span class='ocrx_word' id='word_1_163' title='bbox 769 2843 852 2903; x_wconf 90' lang='lat' dir='ltr'>terris</span> <span class='ocrx_word' id='word_1_164' title='bbox 866 2844 1007 2903; x_wconf 91' lang='lat' dir='ltr'>Saturnus</span> <span class='ocrx_word' id='word_1_165' title='bbox 1021 2843 1146 2919; x_wconf 87' lang='lat' dir='ltr'>agebat:</span> 
     </span>
     <span class='ocr_line' id='line_1_26' title="bbox 397 2934 1268 3008; baseline 0 -13"><span class='ocrx_word' id='word_1_166' title='bbox 397 2936 536 2995; x_wconf 89' lang='lat' dir='ltr'>Necdum</span> <span class='ocrx_word' id='word_1_167' title='bbox 551 2934 640 2994; x_wconf 90' lang='lat' dir='ltr'>etiam</span> <span class='ocrx_word' id='word_1_168' title='bbox 655 2935 809 2996; x_wconf 90' lang='lat' dir='ltr'>audierant</span> <span class='ocrx_word' id='word_1_169' title='bbox 822 2934 916 2995; x_wconf 88' lang='lat' dir='ltr'>inflari</span> <span class='ocrx_word' id='word_1_170' title='bbox 930 2934 1061 3008; x_wconf 85' lang='lat' dir='ltr'>classica,</span> <span class='ocrx_word' id='word_1_171' title='bbox 1077 2934 1206 2995; x_wconf 89' lang='lat' dir='ltr'>necdum</span> <span class='ocrx_word' id='word_1_172' title='bbox 1264 2977 1268 2985; x_wconf 87' lang='lat'>-</span> 
     </span>
     <span class='ocr_line' id='line_1_27' title="bbox 397 3026 1092 3105; baseline 0 -18"><span class='ocrx_word' id='word_1_173' title='bbox 397 3027 560 3105; x_wconf 90' lang='lat' dir='ltr'>Impositos</span> <span class='ocrx_word' id='word_1_174' title='bbox 575 3026 654 3086; x_wconf 81' lang='lat' dir='ltr'>duns</span> <span class='ocrx_word' id='word_1_175' title='bbox 669 3027 812 3105; x_wconf 88' lang='lat' dir='ltr'>crepitare</span> <span class='ocrx_word' id='word_1_176' title='bbox 826 3028 984 3089; x_wconf 89' lang='lat' dir='ltr'>incudibus</span> <span class='ocrx_word' id='word_1_177' title='bbox 999 3047 1092 3088; x_wconf 91' lang='lat' dir='ltr'>enses.</span> 
     </span>
    </p>

    <p class='ocr_par' dir='ltr' id='par_1_3' title="bbox 398 3119 1207 3292">
     <span class='ocr_line' id='line_1_28' title="bbox 437 3119 1207 3199; baseline 0.003 -18"><span class='ocrx_word' id='word_1_178' title='bbox 437 3121 496 3182; x_wconf 89' lang='lat' dir='ltr'>Sed</span> <span class='ocrx_word' id='word_1_179' title='bbox 511 3140 567 3179; x_wconf 89' lang='lat' dir='ltr'>nos</span> <span class='ocrx_word' id='word_1_180' title='bbox 581 3119 759 3180; x_wconf 89' lang='lat' dir='ltr'>immensum</span> <span class='ocrx_word' id='word_1_181' title='bbox 773 3121 878 3199; x_wconf 92' lang='lat' dir='ltr'>spatiis</span> <span class='ocrx_word' id='word_1_182' title='bbox 893 3120 1074 3182; x_wconf 88' lang='lat' dir='ltr'>confecimus</span> <span class='ocrx_word' id='word_1_183' title='bbox 1088 3139 1207 3198; x_wconf 86' lang='lat' dir='ltr'>aequor,</span> 
     </span>
     <span class='ocr_line' id='line_1_29' title="bbox 398 3215 1155 3292; baseline 0 -17"><span class='ocrx_word' id='word_1_184' title='bbox 398 3216 438 3275; x_wconf 87' lang='lat' dir='ltr'>Et</span> <span class='ocrx_word' id='word_1_185' title='bbox 449 3216 512 3292; x_wconf 89' lang='lat' dir='ltr'>jam</span> <span class='ocrx_word' id='word_1_186' title='bbox 526 3224 645 3291; x_wconf 90' lang='lat' dir='ltr'>tempus</span> <span class='ocrx_word' id='word_1_187' title='bbox 660 3233 769 3291; x_wconf 90' lang='lat' dir='ltr'>equum</span> <span class='ocrx_word' id='word_1_188' title='bbox 784 3215 929 3275; x_wconf 87' lang='lat' dir='ltr'>fumantia</span> <span class='ocrx_word' id='word_1_189' title='bbox 942 3217 1057 3276; x_wconf 89' lang='lat' dir='ltr'>solvere</span> <span class='ocrx_word' id='word_1_190' title='bbox 1071 3215 1155 3276; x_wconf 82' lang='lat' dir='ltr'>colla</span> 
     </span>
    </p>
   </div>
   <div class='ocr_carea' id='block_1_3' title="bbox 0 0 1780 4859">
    <p class='ocr_par' dir='ltr' id='par_1_4' title="bbox 0 0 1780 4859">
     <span class='ocr_line' id='line_1_30' title="bbox 0 0 1780 4859; baseline 0 0"><span class='ocrx_word' id='word_1_191' title='bbox 0 0 1780 4859; x_wconf 95' lang='lat' dir='ltr'> </span> 
     </span>
    </p>
   </div>
  </div>
 </body>
</html>
