<?xml version="1.0" encoding="UTF-8"?>
<!DOCTYPE html PUBLIC "-//W3C//DTD XHTML 1.0 Transitional//EN"
    "http://www.w3.org/TR/xhtml1/DTD/xhtml1-transitional.dtd">
<html xmlns="http://www.w3.org/1999/xhtml" xml:lang="en" lang="en">
 <head>
  <title>
</title>
<meta http-equiv="Content-Type" content="text/html;charset=utf-8" />
  <meta name='ocr-system' content='tesseract 3.04.00' />
  <meta name='ocr-capabilities' content='ocr_page ocr_carea ocr_par ocr_line ocrx_word'/>
</head>
<body>
  <div class='ocr_page' id='page_1' title='image "./selectionsfromo00rolfgoog_0094.png"; bbox 0 0 3550 4859; ppageno 0'>
   <div class='ocr_carea' id='block_1_1' title="bbox 457 565 1118 643">
    <p class='ocr_par' dir='ltr' id='par_1_1' title="bbox 457 565 1118 643">
     <span class='ocr_line' id='line_1_1' title="bbox 457 565 1118 643; baseline 0.003 -18"><span class='ocrx_word' id='word_1_1' title='bbox 457 565 494 643; x_wconf 77' lang='lat'>78</span> <span class='ocrx_word' id='word_1_2' title='bbox 772 583 805 627; x_wconf 73' lang='lat' dir='ltr'>n·</span> <span class='ocrx_word' id='word_1_3' title='bbox 819 578 953 626; x_wconf 73' lang='lat' dir='ltr'>vrrrdrmr</span> <span class='ocrx_word' id='word_1_4' title='bbox 973 580 1118 627; x_wconf 68' lang='lat' dir='ltr'>numum</span> 
     </span>
    </p>
   </div>
   <div class='ocr_carea' id='block_1_2' title="bbox 455 725 1367 898">
    <p class='ocr_par' dir='ltr' id='par_1_2' title="bbox 455 725 1367 898">
     <span class='ocr_line' id='line_1_2' title="bbox 455 725 1166 807; baseline -0.004 -18"><span class='ocrx_word' id='word_1_5' title='bbox 455 727 519 789; x_wconf 92' lang='lat' dir='ltr'>Hic</span> <span class='ocrx_word' id='word_1_6' title='bbox 531 725 641 790; x_wconf 88' lang='lat' dir='ltr'>virides</span> <span class='ocrx_word' id='word_1_7' title='bbox 654 735 758 789; x_wconf 84' lang='lat' dir='ltr'>tenera</span> <span class='ocrx_word' id='word_1_8' title='bbox 770 726 916 807; x_wconf 77' lang='lat' dir='ltr'>praetexit</span> <span class='ocrx_word' id='word_1_9' title='bbox 929 726 1073 787; x_wconf 81' lang='lat' dir='ltr'>arundine</span> <span class='ocrx_word' id='word_1_10' title='bbox 1086 726 1166 804; x_wconf 80' lang='lat' dir='ltr'>ripas</span> 
     </span>
     <span class='ocr_line' id='line_1_3' title="bbox 455 820 1367 898; baseline -0.003 -17"><span class='ocrx_word' id='word_1_11' title='bbox 455 821 595 895; x_wconf 89' lang='lat' dir='ltr'>Mincius,</span> <span class='ocrx_word' id='word_1_12' title='bbox 611 840 688 898; x_wconf 88' lang='lat' dir='ltr'>eque</span> <span class='ocrx_word' id='word_1_13' title='bbox 701 837 787 881; x_wconf 85' lang='lat' dir='ltr'>sacra</span> <span class='ocrx_word' id='word_1_14' title='bbox 798 830 941 883; x_wconf 81' lang='lat' dir='ltr'>resonant</span> <span class='ocrx_word' id='word_1_15' title='bbox 954 820 1091 879; x_wconf 79' lang='lat' dir='ltr'>examina</span> <span class='ocrx_word' id='word_1_16' title='bbox 1104 838 1222 896; x_wconf 59' lang='lat' dir='ltr'>quercui</span> <span class='ocrx_word' id='word_1_17' title='bbox 1345 877 1348 882; x_wconf 88' lang='grc'><strong>,</strong></span> <span class='ocrx_word' id='word_1_18' title='bbox 1363 837 1367 846; x_wconf 95' lang='grc'><strong><em>·</em></strong></span> 
     </span>
    </p>
   </div>
   <div class='ocr_carea' id='block_1_3' title="bbox 455 892 1434 993">
    <p class='ocr_par' dir='ltr' id='par_1_3' title="bbox 455 892 1434 993">
     <span class='ocr_line' id='line_1_4' title="bbox 455 892 1434 993; baseline -0.003 -20"><span class='ocrx_word' id='word_1_19' title='bbox 455 913 1022 993; x_wconf 74' lang='lat' dir='ltr'>Quidsaceremlnequeegodlcippen,</span> <span class='ocrx_word' id='word_1_20' title='bbox 1029 931 1127 989; x_wconf 87' lang='lat' dir='ltr'>neque</span> <span class='ocrx_word' id='word_1_21' title='bbox 1134 892 1434 991; x_wconf 64' lang='lat' dir='ltr'>Phyllirhlnbohm,</span> 
     </span>
    </p>
   </div>
   <div class='ocr_carea' id='block_1_4' title="bbox 349 1006 1436 1084">
    <p class='ocr_par' dir='ltr' id='par_1_4' title="bbox 349 1006 1436 1084">
     <span class='ocr_line' id='line_1_5' title="bbox 349 1006 1436 1084; baseline 0.003 -18"><span class='ocrx_word' id='word_1_22' title='bbox 349 1066 353 1073; x_wconf 79' lang='grc'><em>,</em></span> <span class='ocrx_word' id='word_1_23' title='bbox 456 1008 605 1084; x_wconf 91' lang='lat' dir='ltr'>Depulsos</span> <span class='ocrx_word' id='word_1_24' title='bbox 619 1028 637 1067; x_wconf 91' lang='lat' dir='ltr'>a</span> <span class='ocrx_word' id='word_1_25' title='bbox 650 1007 727 1067; x_wconf 84' lang='lat' dir='ltr'>lacte</span> <span class='ocrx_word' id='word_1_26' title='bbox 742 1006 823 1066; x_wconf 89' lang='lat' dir='ltr'>domi</span> <span class='ocrx_word' id='word_1_27' title='bbox 838 1026 915 1084; x_wconf 85' lang='lat' dir='ltr'>quae</span> <span class='ocrx_word' id='word_1_28' title='bbox 928 1006 1081 1067; x_wconf 74' lang='lat' dir='ltr'><strong>clauderet</strong></span> <span class='ocrx_word' id='word_1_29' title='bbox 1095 1025 1208 1083; x_wconf 82' lang='lat' dir='ltr'>agnos3</span> <span class='ocrx_word' id='word_1_30' title='bbox 1412 1030 1436 1069; x_wconf 82' lang='lat'>1⁵</span> 
     </span>
    </p>
   </div>
   <div class='ocr_carea' id='block_1_5' title="bbox 455 1095 1442 1275">
    <p class='ocr_par' dir='ltr' id='par_1_5' title="bbox 455 1095 1442 1275">
     <span class='ocr_line' id='line_1_6' title="bbox 456 1095 1442 1179; baseline -0.013 -20"><span class='ocrx_word' id='word_1_31' title='bbox 456 1102 495 1160; x_wconf 92' lang='lat' dir='ltr'>Et</span> <span class='ocrx_word' id='word_1_32' title='bbox 508 1110 657 1159; x_wconf 89' lang='lat' dir='ltr'>certamen</span> <span class='ocrx_word' id='word_1_33' title='bbox 670 1095 742 1173; x_wconf 81' lang='lat' dir='ltr'>erat,</span> <span class='ocrx_word' id='word_1_34' title='bbox 759 1100 900 1177; x_wconf 75' lang='lat' dir='ltr'>Corydon</span> <span class='ocrx_word' id='word_1_35' title='bbox 914 1117 982 1159; x_wconf 91' lang='lat' dir='ltr'>cum</span> <span class='ocrx_word' id='word_1_36' title='bbox 991 1098 1152 1178; x_wconf 75' lang='lat' dir='ltr'>Thyrside,</span> <span class='ocrx_word' id='word_1_37' title='bbox 1165 1117 1316 1179; x_wconf 71' lang='lat' dir='ltr'>magnum,</span> <span class='ocrx_word' id='word_1_38' title='bbox 1439 1139 1442 1146; x_wconf 92' lang='grc'><em>,</em></span> 
     </span>
     <span class='ocr_line' id='line_1_7' title="bbox 455 1192 1129 1275; baseline -0.003 -22"><span class='ocrx_word' id='word_1_39' title='bbox 455 1193 618 1275; x_wconf 76' lang='lat' dir='ltr'>Posthabui</span> <span class='ocrx_word' id='word_1_40' title='bbox 632 1202 733 1253; x_wconf 86' lang='lat' dir='ltr'>tamen</span> <span class='ocrx_word' id='word_1_41' title='bbox 747 1192 863 1252; x_wconf 86' lang='lat' dir='ltr'>illorum</span> <span class='ocrx_word' id='word_1_42' title='bbox 876 1209 945 1251; x_wconf 74' lang='lat' dir='ltr'>mea</span> <span class='ocrx_word' id='word_1_43' title='bbox 957 1192 1035 1251; x_wconf 75' lang='lat' dir='ltr'>seria</span> <span class='ocrx_word' id='word_1_44' title='bbox 1047 1192 1129 1253; x_wconf 90' lang='lat' dir='ltr'>ludo.</span> 
     </span>
    </p>
   </div>
   <div class='ocr_carea' id='block_1_6' title="bbox 374 1284 1412 3024">
    <p class='ocr_par' dir='ltr' id='par_1_6' title="bbox 374 1284 1412 3024">
     <span class='ocr_line' id='line_1_8' title="bbox 456 1284 1139 1365; baseline 0 -19"><span class='ocrx_word' id='word_1_45' title='bbox 456 1285 587 1346; x_wconf 89' lang='lat' dir='ltr'>Alternis</span> <span class='ocrx_word' id='word_1_46' title='bbox 602 1285 690 1365; x_wconf 91' lang='lat' dir='ltr'>igitur</span> <span class='ocrx_word' id='word_1_47' title='bbox 702 1286 884 1346; x_wconf 77' lang='lat' dir='ltr'>contendere</span> <span class='ocrx_word' id='word_1_48' title='bbox 897 1284 1035 1345; x_wconf 84' lang='lat' dir='ltr'>versibus</span> <span class='ocrx_word' id='word_1_49' title='bbox 1048 1285 1139 1346; x_wconf 86' lang='lat' dir='ltr'>ambo</span> 
     </span>
     <span class='ocr_line' id='line_1_9' title="bbox 455 1376 1231 1457; baseline -0.001 -17"><span class='ocrx_word' id='word_1_50' title='bbox 455 1381 610 1457; x_wconf 71' lang='lat' dir='ltr'>coepere,</span> <span class='ocrx_word' id='word_1_51' title='bbox 630 1378 759 1438; x_wconf 89' lang='lat' dir='ltr'>alternos</span> <span class='ocrx_word' id='word_1_52' title='bbox 774 1380 881 1438; x_wconf 80' lang='lat' dir='ltr'>Musae</span> <span class='ocrx_word' id='word_1_53' title='bbox 895 1376 1069 1439; x_wconf 78' lang='lat' dir='ltr'>meminisse</span> <span class='ocrx_word' id='word_1_54' title='bbox 1080 1378 1231 1439; x_wconf 77' lang='lat' dir='ltr'>volebant</span> 
     </span>
     <span class='ocr_line' id='line_1_10' title="bbox 456 1470 1245 1552; baseline -0.003 -19"><span class='ocrx_word' id='word_1_55' title='bbox 456 1475 525 1533; x_wconf 93' lang='lat' dir='ltr'>Hos</span> <span class='ocrx_word' id='word_1_56' title='bbox 540 1471 690 1551; x_wconf 88' lang='lat' dir='ltr'>Corydon,</span> <span class='ocrx_word' id='word_1_57' title='bbox 705 1471 773 1531; x_wconf 92' lang='lat' dir='ltr'>illos</span> <span class='ocrx_word' id='word_1_58' title='bbox 787 1470 935 1531; x_wconf 77' lang='lat' dir='ltr'>referebat</span> <span class='ocrx_word' id='word_1_59' title='bbox 948 1471 980 1530; x_wconf 88' lang='lat' dir='ltr'>in</span> <span class='ocrx_word' id='word_1_60' title='bbox 993 1471 1099 1532; x_wconf 83' lang='lat' dir='ltr'>ordine</span> <span class='ocrx_word' id='word_1_61' title='bbox 1113 1471 1245 1552; x_wconf 85' lang='lat' dir='ltr'>Thyrsis</span> 
     </span>
     <span class='ocr_line' id='line_1_11' title="bbox 874 1591 1012 1631; baseline 0.007 -1"><span class='ocrx_word' id='word_1_62' title='bbox 874 1591 1012 1631; x_wconf 68' lang='lat' dir='ltr'>conpore.</span> 
     </span>
     <span class='ocr_line' id='line_1_12' title="bbox 455 1656 1412 1739; baseline 0.002 -20"><span class='ocrx_word' id='word_1_63' title='bbox 455 1660 621 1739; x_wconf 87' lang='lat' dir='ltr'>Nymphae,</span> <span class='ocrx_word' id='word_1_64' title='bbox 637 1668 741 1719; x_wconf 84' lang='lat' dir='ltr'>noster</span> <span class='ocrx_word' id='word_1_65' title='bbox 754 1673 846 1732; x_wconf 86' lang='lat' dir='ltr'>amor,</span> <span class='ocrx_word' id='word_1_66' title='bbox 861 1658 1061 1733; x_wconf 76' lang='lat' dir='ltr'>Libethrides,</span> <span class='ocrx_word' id='word_1_67' title='bbox 1078 1667 1129 1718; x_wconf 84' lang='lat' dir='ltr'>aut</span> <span class='ocrx_word' id='word_1_68' title='bbox 1141 1656 1216 1717; x_wconf 85' lang='lat' dir='ltr'>milri</span> <span class='ocrx_word' id='word_1_69' title='bbox 1227 1665 1358 1731; x_wconf 67' lang='lat' dir='ltr'>carmen,</span> <span class='ocrx_word' id='word_1_70' title='bbox 1409 1717 1412 1721; x_wconf 88' lang='lat'><em>.</em></span> 
     </span>
     <span class='ocr_line' id='line_1_13' title="bbox 455 1750 1240 1829; baseline -0.003 -16"><span class='ocrx_word' id='word_1_71' title='bbox 455 1754 552 1829; x_wconf 85' lang='lat' dir='ltr'>Quale</span> <span class='ocrx_word' id='word_1_72' title='bbox 567 1752 760 1826; x_wconf 85' lang='lat' dir='ltr'>meoCodro,</span> <span class='ocrx_word' id='word_1_73' title='bbox 776 1752 956 1827; x_wconf 80' lang='lat' dir='ltr'>concedite3</span> <span class='ocrx_word' id='word_1_74' title='bbox 975 1752 1111 1829; x_wconf 81' lang='lat' dir='ltr'>proxima</span> <span class='ocrx_word' id='word_1_75' title='bbox 1124 1750 1240 1811; x_wconf 85' lang='lat' dir='ltr'>Phoebi</span> 
     </span>
     <span class='ocr_line' id='line_1_14' title="bbox 454 1844 1266 1922; baseline -0.002 -16"><span class='ocrx_word' id='word_1_76' title='bbox 454 1846 599 1907; x_wconf 88' lang='lat' dir='ltr'>Versibus</span> <span class='ocrx_word' id='word_1_77' title='bbox 614 1846 664 1906; x_wconf 90' lang='lat' dir='ltr'>ille</span> <span class='ocrx_word' id='word_1_78' title='bbox 678 1846 768 1921; x_wconf 82' lang='lat' dir='ltr'>facit3</span> <span class='ocrx_word' id='word_1_79' title='bbox 788 1856 848 1919; x_wconf 92' lang='lat' dir='ltr'>aut,</span> <span class='ocrx_word' id='word_1_80' title='bbox 864 1844 889 1905; x_wconf 93' lang='lat' dir='ltr'>si</span> <span class='ocrx_word' id='word_1_81' title='bbox 903 1864 965 1905; x_wconf 92' lang='lat' dir='ltr'>non</span> <span class='ocrx_word' id='word_1_82' title='bbox 978 1863 1138 1922; x_wconf 89' lang='lat' dir='ltr'>possumus</span> <span class='ocrx_word' id='word_1_83' title='bbox 1152 1861 1266 1918; x_wconf 72' lang='lat' dir='ltr'>omnm,</span> 
     </span>
     <span class='ocr_line' id='line_1_15' title="bbox 455 1938 1099 2017; baseline -0.003 -17"><span class='ocrx_word' id='word_1_84' title='bbox 455 1939 517 2000; x_wconf 93' lang='lat' dir='ltr'>Hic</span> <span class='ocrx_word' id='word_1_85' title='bbox 532 1947 635 2017; x_wconf 85' lang='lat' dir='ltr'>arguta</span> <span class='ocrx_word' id='word_1_86' title='bbox 648 1956 733 1999; x_wconf 82' lang='lat' dir='ltr'>sacra</span> <span class='ocrx_word' id='word_1_87' title='bbox 746 1938 893 2017; x_wconf 88' lang='lat' dir='ltr'>pendebit</span> <span class='ocrx_word' id='word_1_88' title='bbox 904 1938 1005 1998; x_wconf 77' lang='lat' dir='ltr'>fistula</span> <span class='ocrx_word' id='word_1_89' title='bbox 1018 1938 1099 2015; x_wconf 87' lang='lat' dir='ltr'>pinu.</span> 
     </span>
     <span class='ocr_line' id='line_1_16' title="bbox 882 2055 1005 2097; baseline 0 0"><span class='ocrx_word' id='word_1_90' title='bbox 882 2055 1005 2097; x_wconf 79' lang='lat' dir='ltr'>rnrnsrs.</span> 
     </span>
     <span class='ocr_line' id='line_1_17' title="bbox 455 2125 1180 2203; baseline -0.001 -19"><span class='ocrx_word' id='word_1_91' title='bbox 455 2126 603 2200; x_wconf 89' lang='lat' dir='ltr'>Pastores,</span> <span class='ocrx_word' id='word_1_92' title='bbox 618 2125 731 2185; x_wconf 78' lang='lat' dir='ltr'>hederu</span> <span class='ocrx_word' id='word_1_93' title='bbox 742 2134 916 2185; x_wconf 82' lang='lat' dir='ltr'>nascentem</span> <span class='ocrx_word' id='word_1_94' title='bbox 931 2135 1037 2185; x_wconf 71' lang='lat' dir='ltr'>ornate</span> <span class='ocrx_word' id='word_1_95' title='bbox 1045 2127 1180 2203; x_wconf 73' lang='lat' dir='ltr'>poetam,</span> 
     </span>
     <span class='ocr_line' id='line_1_18' title="bbox 455 2217 1159 2295; baseline -0.003 -18"><span class='ocrx_word' id='word_1_96' title='bbox 455 2217 598 2291; x_wconf 86' lang='lat' dir='ltr'>Arcades,</span> <span class='ocrx_word' id='word_1_97' title='bbox 615 2218 727 2279; x_wconf 86' lang='lat' dir='ltr'>invidia</span> <span class='ocrx_word' id='word_1_98' title='bbox 740 2228 914 2295; x_wconf 89' lang='lat' dir='ltr'>rumpantur</span> <span class='ocrx_word' id='word_1_99' title='bbox 927 2227 960 2278; x_wconf 92' lang='lat' dir='ltr'>ut</span> <span class='ocrx_word' id='word_1_100' title='bbox 974 2218 1025 2277; x_wconf 91' lang='lat' dir='ltr'>ilia</span> <span class='ocrx_word' id='word_1_101' title='bbox 1039 2218 1159 2290; x_wconf 77' lang='lat' dir='ltr'>Codro,</span> 
     </span>
     <span class='ocr_line' id='line_1_19' title="bbox 455 2309 1266 2389; baseline -0.004 -19"><span class='ocrx_word' id='word_1_102' title='bbox 455 2313 525 2385; x_wconf 91' lang='lat' dir='ltr'>Aut,</span> <span class='ocrx_word' id='word_1_103' title='bbox 541 2310 567 2370; x_wconf 93' lang='lat' dir='ltr'>si</span> <span class='ocrx_word' id='word_1_104' title='bbox 581 2312 658 2372; x_wconf 89' lang='lat' dir='ltr'>ultra</span> <span class='ocrx_word' id='word_1_105' title='bbox 671 2310 812 2389; x_wconf 88' lang='lat' dir='ltr'>placitum</span> <span class='ocrx_word' id='word_1_106' title='bbox 826 2310 962 2385; x_wconf 85' lang='lat' dir='ltr'>laudarit,</span> <span class='ocrx_word' id='word_1_107' title='bbox 977 2311 1124 2370; x_wconf 75' lang='lat' dir='ltr'>bacchate</span> <span class='ocrx_word' id='word_1_108' title='bbox 1138 2309 1266 2369; x_wconf 82' lang='lat' dir='ltr'>frontem</span> 
     </span>
     <span class='ocr_line' id='line_1_20' title="bbox 455 2402 1160 2481; baseline -0.004 -16"><span class='ocrx_word' id='word_1_109' title='bbox 455 2402 582 2481; x_wconf 85' lang='lat' dir='ltr'>Cingite,</span> <span class='ocrx_word' id='word_1_110' title='bbox 598 2422 637 2463; x_wconf 93' lang='lat' dir='ltr'>ne</span> <span class='ocrx_word' id='word_1_111' title='bbox 650 2404 711 2463; x_wconf 85' lang='lat' dir='ltr'>vati</span> <span class='ocrx_word' id='word_1_112' title='bbox 726 2413 833 2463; x_wconf 91' lang='lat' dir='ltr'>noceat</span> <span class='ocrx_word' id='word_1_113' title='bbox 846 2404 925 2463; x_wconf 87' lang='lat' dir='ltr'>mala</span> <span class='ocrx_word' id='word_1_114' title='bbox 939 2403 1040 2481; x_wconf 87' lang='lat' dir='ltr'>lingua</span> <span class='ocrx_word' id='word_1_115' title='bbox 1054 2403 1160 2462; x_wconf 84' lang='lat' dir='ltr'>futuro.</span> 
     </span>
     <span class='ocr_line' id='line_1_21' title="bbox 866 2515 1004 2564; baseline 0 -1"><span class='ocrx_word' id='word_1_116' title='bbox 866 2515 1004 2564; x_wconf 75' lang='lat' dir='ltr'>corrnoh.</span> 
     </span>
     <span class='ocr_line' id='line_1_22' title="bbox 456 2591 1138 2671; baseline -0.003 -18"><span class='ocrx_word' id='word_1_117' title='bbox 456 2591 573 2653; x_wconf 88' lang='lat' dir='ltr'>Saetosi</span> <span class='ocrx_word' id='word_1_118' title='bbox 587 2603 676 2670; x_wconf 87' lang='lat' dir='ltr'>caput</span> <span class='ocrx_word' id='word_1_119' title='bbox 688 2592 747 2652; x_wconf 92' lang='lat' dir='ltr'>hoc</span> <span class='ocrx_word' id='word_1_120' title='bbox 760 2591 824 2669; x_wconf 92' lang='lat' dir='ltr'>apri</span> <span class='ocrx_word' id='word_1_121' title='bbox 838 2591 900 2667; x_wconf 90' lang='lat' dir='ltr'>tibi,</span> <span class='ocrx_word' id='word_1_122' title='bbox 918 2591 1014 2667; x_wconf 87' lang='lat' dir='ltr'>Delia,</span> <span class='ocrx_word' id='word_1_123' title='bbox 1030 2611 1138 2671; x_wconf 89' lang='lat' dir='ltr'>parvus</span> 
     </span>
     <span class='ocr_line' id='line_1_23' title="bbox 455 2681 1094 2745; baseline -0.002 0"><span class='ocrx_word' id='word_1_124' title='bbox 455 2686 494 2745; x_wconf 89' lang='lat' dir='ltr'>Et</span> <span class='ocrx_word' id='word_1_125' title='bbox 506 2704 625 2745; x_wconf 88' lang='lat' dir='ltr'>ramosa</span> <span class='ocrx_word' id='word_1_126' title='bbox 640 2684 743 2745; x_wconf 91' lang='lat' dir='ltr'>Micon</span> <span class='ocrx_word' id='word_1_127' title='bbox 757 2684 868 2745; x_wconf 87' lang='lat' dir='ltr'>vivacis</span> <span class='ocrx_word' id='word_1_128' title='bbox 879 2681 993 2745; x_wconf 77' lang='lat' dir='ltr'>cornua</span> <span class='ocrx_word' id='word_1_129' title='bbox 1006 2685 1094 2745; x_wconf 82' lang='lat' dir='ltr'>cervi.</span> 
     </span>
     <span class='ocr_line' id='line_1_24' title="bbox 456 2777 1205 2856; baseline 0.001 -18"><span class='ocrx_word' id='word_1_130' title='bbox 456 2778 489 2839; x_wconf 88' lang='lat' dir='ltr'>Si</span> <span class='ocrx_word' id='word_1_131' title='bbox 503 2778 657 2856; x_wconf 91' lang='lat' dir='ltr'>proprium</span> <span class='ocrx_word' id='word_1_132' title='bbox 671 2779 730 2838; x_wconf 89' lang='lat' dir='ltr'>hoc</span> <span class='ocrx_word' id='word_1_133' title='bbox 743 2778 839 2852; x_wconf 82' lang='lat' dir='ltr'>fuerit,</span> <span class='ocrx_word' id='word_1_134' title='bbox 855 2777 915 2838; x_wconf 90' lang='lat' dir='ltr'>levi</span> <span class='ocrx_word' id='word_1_135' title='bbox 928 2778 967 2839; x_wconf 87' lang='lat' dir='ltr'>de</span> <span class='ocrx_word' id='word_1_136' title='bbox 981 2796 1127 2838; x_wconf 85' lang='lat' dir='ltr'>marmore</span> <span class='ocrx_word' id='word_1_137' title='bbox 1141 2786 1205 2840; x_wconf 83' lang='lat' dir='ltr'>tota</span> 
     </span>
     <span class='ocr_line' id='line_1_25' title="bbox 374 2869 1093 2953; baseline 0 -22"><span class='ocrx_word' id='word_1_138' title='bbox 374 2945 378 2953; x_wconf 22' lang='grc' dir='ltr'>ι</span> <span class='ocrx_word' id='word_1_139' title='bbox 455 2870 587 2931; x_wconf 89' lang='lat' dir='ltr'>Puniceo</span> <span class='ocrx_word' id='word_1_140' title='bbox 602 2869 693 2931; x_wconf 88' lang='lat' dir='ltr'>stabis</span> <span class='ocrx_word' id='word_1_141' title='bbox 708 2890 791 2930; x_wconf 91' lang='lat' dir='ltr'>suras</span> <span class='ocrx_word' id='word_1_142' title='bbox 806 2870 925 2931; x_wconf 88' lang='lat' dir='ltr'>evincta</span> <span class='ocrx_word' id='word_1_143' title='bbox 938 2869 1093 2931; x_wconf 90' lang='lat' dir='ltr'>cothurno.</span> 
     </span>
     <span class='ocr_line' id='line_1_26' title="bbox 880 2983 1006 3024; baseline 0.016 -2"><span class='ocrx_word' id='word_1_144' title='bbox 880 2983 1006 3024; x_wconf 80' lang='lat' dir='ltr'>rumsrs.</span> 
     </span>
    </p>
   </div>
   <div class='ocr_carea' id='block_1_7' title="bbox 454 3046 1280 3409">
    <p class='ocr_par' dir='ltr' id='par_1_7' title="bbox 454 3046 1280 3409">
     <span class='ocr_line' id='line_1_27' title="bbox 456 3046 1240 3129; baseline 0.001 -19"><span class='ocrx_word' id='word_1_145' title='bbox 456 3048 559 3110; x_wconf 92' lang='lat' dir='ltr'>Sinum</span> <span class='ocrx_word' id='word_1_146' title='bbox 573 3050 660 3111; x_wconf 90' lang='lat' dir='ltr'>lactis</span> <span class='ocrx_word' id='word_1_147' title='bbox 673 3059 705 3109; x_wconf 91' lang='lat' dir='ltr'>et</span> <span class='ocrx_word' id='word_1_148' title='bbox 716 3048 792 3109; x_wconf 83' lang='lat' dir='ltr'>haec</span> <span class='ocrx_word' id='word_1_149' title='bbox 804 3058 836 3109; x_wconf 90' lang='lat' dir='ltr'>te</span> <span class='ocrx_word' id='word_1_150' title='bbox 849 3050 919 3125; x_wconf 86' lang='lat' dir='ltr'>liba,</span> <span class='ocrx_word' id='word_1_151' title='bbox 935 3050 1049 3129; x_wconf 86' lang='lat' dir='ltr'>Priape,</span> <span class='ocrx_word' id='word_1_152' title='bbox 1065 3046 1240 3128; x_wconf 72' lang='lat' dir='ltr'>quotannis</span> 
     </span>
     <span class='ocr_line' id='line_1_28' title="bbox 455 3142 1195 3221; baseline 0.001 -19"><span class='ocrx_word' id='word_1_153' title='bbox 455 3145 637 3220; x_wconf 82' lang='lat' dir='ltr'>Exspectare</span> <span class='ocrx_word' id='word_1_154' title='bbox 651 3151 698 3203; x_wconf 84' lang='lat' dir='ltr'>sat</span> <span class='ocrx_word' id='word_1_155' title='bbox 710 3150 773 3202; x_wconf 88' lang='lat' dir='ltr'>est:</span> <span class='ocrx_word' id='word_1_156' title='bbox 793 3151 895 3203; x_wconf 74' lang='lat' dir='ltr'>mistos</span> <span class='ocrx_word' id='word_1_157' title='bbox 908 3161 943 3203; x_wconf 86' lang='lat' dir='ltr'>es</span> <span class='ocrx_word' id='word_1_158' title='bbox 956 3143 1093 3221; x_wconf 75' lang='lat' dir='ltr'>pauperis</span> <span class='ocrx_word' id='word_1_159' title='bbox 1107 3142 1195 3204; x_wconf 86' lang='lat' dir='ltr'>horti.</span> 
     </span>
     <span class='ocr_line' id='line_1_29' title="bbox 454 3236 1280 3314; baseline 0 -17"><span class='ocrx_word' id='word_1_160' title='bbox 454 3238 545 3297; x_wconf 91' lang='lat' dir='ltr'>Nunc</span> <span class='ocrx_word' id='word_1_161' title='bbox 558 3247 590 3297; x_wconf 88' lang='lat' dir='ltr'>te</span> <span class='ocrx_word' id='word_1_162' title='bbox 604 3253 798 3296; x_wconf 86' lang='lat' dir='ltr'>marmoreum</span> <span class='ocrx_word' id='word_1_163' title='bbox 812 3253 867 3313; x_wconf 91' lang='lat' dir='ltr'>pro</span> <span class='ocrx_word' id='word_1_164' title='bbox 881 3245 1016 3314; x_wconf 85' lang='lat' dir='ltr'>ternpore</span> <span class='ocrx_word' id='word_1_165' title='bbox 1029 3236 1176 3312; x_wconf 82' lang='lat' dir='ltr'>fecimus3</span> <span class='ocrx_word' id='word_1_166' title='bbox 1194 3245 1227 3297; x_wconf 86' lang='lat' dir='ltr'>at</span> <span class='ocrx_word' id='word_1_167' title='bbox 1239 3243 1280 3310; x_wconf 84' lang='lat' dir='ltr'>tu,</span> 
     </span>
     <span class='ocr_line' id='line_1_30' title="bbox 456 3328 1143 3409; baseline -0.003 -17"><span class='ocrx_word' id='word_1_168' title='bbox 456 3329 488 3392; x_wconf 91' lang='lat' dir='ltr'>Si</span> <span class='ocrx_word' id='word_1_169' title='bbox 501 3330 596 3391; x_wconf 84' lang='lat' dir='ltr'>fetura</span> <span class='ocrx_word' id='word_1_170' title='bbox 608 3349 729 3409; x_wconf 86' lang='lat' dir='ltr'>gregem</span> <span class='ocrx_word' id='word_1_171' title='bbox 742 3328 932 3407; x_wconf 82' lang='lat' dir='ltr'>suppleverit,</span> <span class='ocrx_word' id='word_1_172' title='bbox 948 3347 1055 3390; x_wconf 88' lang='lat' dir='ltr'>aureus</span> <span class='ocrx_word' id='word_1_173' title='bbox 1070 3339 1143 3390; x_wconf 73' lang='lat' dir='ltr'>esto.</span> 
     </span>
    </p>
   </div>
   <div class='ocr_carea' id='block_1_8' title="bbox 455 3443 1211 3952">
    <p class='ocr_par' dir='ltr' id='par_1_8' title="bbox 875 3443 1016 3489">
     <span class='ocr_line' id='line_1_31' title="bbox 875 3443 1016 3489; baseline 0 -6"><span class='ocrx_word' id='word_1_174' title='bbox 875 3443 1016 3489; x_wconf 67' lang='lat' dir='ltr'>conmori.</span> 
     </span>
    </p>

    <p class='ocr_par' dir='ltr' id='par_1_9' title="bbox 455 3510 1193 3590">
     <span class='ocr_line' id='line_1_32' title="bbox 455 3510 1193 3590; baseline 0 -19"><span class='ocrx_word' id='word_1_175' title='bbox 455 3511 569 3571; x_wconf 89' lang='lat' dir='ltr'>Nerine</span> <span class='ocrx_word' id='word_1_176' title='bbox 583 3510 716 3585; x_wconf 78' lang='lat' dir='ltr'>Galatea,</span> <span class='ocrx_word' id='word_1_177' title='bbox 731 3511 834 3590; x_wconf 87' lang='lat' dir='ltr'>thymo</span> <span class='ocrx_word' id='word_1_178' title='bbox 847 3511 921 3571; x_wconf 89' lang='lat' dir='ltr'>mihi</span> <span class='ocrx_word' id='word_1_179' title='bbox 934 3511 1051 3572; x_wconf 89' lang='lat' dir='ltr'>dulcior</span> <span class='ocrx_word' id='word_1_180' title='bbox 1064 3511 1193 3589; x_wconf 81' lang='lat' dir='ltr'>Hyblae,</span> 
     </span>
    </p>

    <p class='ocr_par' dir='ltr' id='par_1_10' title="bbox 455 3594 1131 3682">
     <span class='ocr_line' id='line_1_33' title="bbox 455 3594 1131 3682; baseline -0.001 -16"><span class='ocrx_word' id='word_1_181' title='bbox 455 3594 621 3666; x_wconf 90' lang='lat' dir='ltr'>Candidior</span> <span class='ocrx_word' id='word_1_182' title='bbox 634 3604 743 3682; x_wconf 87' lang='lat' dir='ltr'>cycnis,</span> <span class='ocrx_word' id='word_1_183' title='bbox 759 3604 870 3664; x_wconf 90' lang='lat' dir='ltr'>hedera</span> <span class='ocrx_word' id='word_1_184' title='bbox 882 3604 1043 3667; x_wconf 81' lang='lat' dir='ltr'>formosior</span> <span class='ocrx_word' id='word_1_185' title='bbox 1055 3605 1131 3680; x_wconf 79' lang='lat' dir='ltr'>albu,</span> 
     </span>
    </p>

    <p class='ocr_par' dir='ltr' id='par_1_11' title="bbox 455 3695 1211 3776">
     <span class='ocr_line' id='line_1_34' title="bbox 455 3695 1211 3776; baseline 0 -19"><span class='ocrx_word' id='word_1_186' title='bbox 455 3697 558 3772; x_wconf 91' lang='lat' dir='ltr'>Quum</span> <span class='ocrx_word' id='word_1_187' title='bbox 571 3695 699 3775; x_wconf 84' lang='lat' dir='ltr'>primum</span> <span class='ocrx_word' id='word_1_188' title='bbox 713 3696 791 3775; x_wconf 85' lang='lat' dir='ltr'>pasti</span> <span class='ocrx_word' id='word_1_189' title='bbox 805 3707 943 3775; x_wconf 90' lang='lat' dir='ltr'>repetent</span> <span class='ocrx_word' id='word_1_190' title='bbox 955 3696 1114 3776; x_wconf 84' lang='lat' dir='ltr'>praesepia</span> <span class='ocrx_word' id='word_1_191' title='bbox 1127 3696 1211 3771; x_wconf 81' lang='lat' dir='ltr'>tami,</span> 
     </span>
    </p>

    <p class='ocr_par' dir='ltr' id='par_1_12' title="bbox 455 3789 1165 3952">
     <span class='ocr_line' id='line_1_35' title="bbox 455 3789 1165 3871; baseline -0.003 -18"><span class='ocrx_word' id='word_1_192' title='bbox 455 3790 487 3853; x_wconf 92' lang='lat' dir='ltr'>Si</span> <span class='ocrx_word' id='word_1_193' title='bbox 501 3809 560 3868; x_wconf 88' lang='lat' dir='ltr'>qua</span> <span class='ocrx_word' id='word_1_194' title='bbox 573 3789 616 3850; x_wconf 85' lang='lat' dir='ltr'>tul</span> <span class='ocrx_word' id='word_1_195' title='bbox 630 3790 797 3871; x_wconf 83' lang='lat' dir='ltr'>Corydonis</span> <span class='ocrx_word' id='word_1_196' title='bbox 810 3790 903 3851; x_wconf 86' lang='lat' dir='ltr'>habet</span> <span class='ocrx_word' id='word_1_197' title='bbox 916 3800 947 3851; x_wconf 92' lang='lat' dir='ltr'>te</span> <span class='ocrx_word' id='word_1_198' title='bbox 958 3809 1038 3866; x_wconf 84' lang='lat' dir='ltr'>cura,</span> <span class='ocrx_word' id='word_1_199' title='bbox 1054 3791 1165 3852; x_wconf 78' lang='lat' dir='ltr'>venito.</span> 
     </span>
     <span class='ocr_line' id='line_1_36' title="bbox 881 3911 1006 3952; baseline 0 0"><span class='ocrx_word' id='word_1_200' title='bbox 881 3911 1006 3952; x_wconf 75' lang='lat' dir='ltr'>rurasrs.</span> 
     </span>
    </p>
   </div>
   <div class='ocr_carea' id='block_1_9' title="bbox 331 3976 1240 4056">
    <p class='ocr_par' dir='ltr' id='par_1_13' title="bbox 331 3976 1240 4056">
     <span class='ocr_line' id='line_1_37' title="bbox 331 3976 1240 4056; baseline -0.003 -14"><span class='ocrx_word' id='word_1_201' title='bbox 331 4040 333 4042; x_wconf 81' lang='grc'><em>,</em></span> <span class='ocrx_word' id='word_1_202' title='bbox 412 3998 414 4002; x_wconf 72' lang='grc'>’</span> <span class='ocrx_word' id='word_1_203' title='bbox 457 3980 556 4040; x_wconf 90' lang='lat' dir='ltr'>Immo</span> <span class='ocrx_word' id='word_1_204' title='bbox 570 3995 626 4056; x_wconf 84' lang='lat' dir='ltr'>ego</span> <span class='ocrx_word' id='word_1_205' title='bbox 641 3976 793 4040; x_wconf 83' lang='lat' dir='ltr'>Sardoniis</span> <span class='ocrx_word' id='word_1_206' title='bbox 806 3977 977 4042; x_wconf 77' lang='lat' dir='ltr'>videartibi</span> <span class='ocrx_word' id='word_1_207' title='bbox 990 3978 1118 4046; x_wconf 77' lang='lat' dir='ltr'>amarior</span> <span class='ocrx_word' id='word_1_208' title='bbox 1129 3976 1240 4053; x_wconf 80' lang='lat' dir='ltr'>herbis,</span> 
     </span>
    </p>
   </div>
   <div class='ocr_carea' id='block_1_10' title="bbox 0 0 1780 4859">
    <p class='ocr_par' dir='ltr' id='par_1_14' title="bbox 0 0 1780 4859">
     <span class='ocr_line' id='line_1_38' title="bbox 0 0 1780 4859; baseline 0 0"><span class='ocrx_word' id='word_1_209' title='bbox 0 0 1780 4859; x_wconf 95' lang='lat' dir='ltr'> </span> 
     </span>
    </p>
   </div>
  </div>
 </body>
</html>
