3550 4859
736 586 895 631 nmmos
912 586 977 630 auu
1000 586 1040 630 rv.
1324 574 1378 647 ιδῃ

400 732 508 791 Testor
522 741 680 807 utrumque
694 742 834 808 caput—
843 732 958 793 celeres
972 730 1115 792 mandata
1127 750 1182 810 per
1193 750 1281 794 auras

400 806 516 884 Det'ulit
530 847 539 899 3
560 824 622 902 ipse
638 824 727 883 deum
742 824 901 884 manifesto
915 824 946 884 in
960 824 1073 885 lumine
1085 824 1149 885 vidi

399 919 567 977 Intrantem
581 935 691 990 muros,
706 933 871 995 vocemque
885 917 933 978 his
947 919 1067 979 auribus
1081 917 1173 978 hausi.

400 1011 514 1070 Desine
529 1028 637 1087 meque
651 1011 711 1071 tuis
725 1010 885 1071 incendere
900 1022 990 1089 teque
1005 1011 1154 1088 querelis;
1344 1030 1383 1079 φο

400 1105 518 1164 Italiam
534 1124 594 1163 non
610 1113 717 1180 sponte
732 1123 850 1180 sequor.

439 1198 527 1257 Talia
541 1196 690 1256 dicentem
708 1197 886 1275 jamdudum
902 1216 1005 1257 aversa
1018 1206 1127 1271 tuetur,

400 1292 473 1350 Huc
488 1291 559 1350 illuc
572 1290 696 1349 volvens
710 1291 822 1363 oculos,
838 1299 995 1366 totumque
1008 1298 1143 1367 pererrat

399 1382 577 1443 Luminibus
592 1383 698 1456 tacitis,
716 1392 745 1441 et
760 1382 803 1442 sic
817 1401 945 1442 accensa
959 1383 1091 1460 profatur
1105 1404 1112 1442 z

399 1478 466 1536 Nec
480 1475 535 1535 tibi
550 1476 619 1534 diva
633 1493 751 1552 parens,
766 1474 884 1554 generis
899 1494 956 1535 nec
971 1470 1129 1535 Dardanus
1143 1485 1254 1549 auctor,
1344 1493 1381 1543 ³⁶⁵
1396 1525 1400 1528 .

400 1569 539 1643 Perfide3
560 1568 613 1627 sed
629 1568 710 1627 duris
724 1569 827 1646 genuit
841 1578 871 1627 te
885 1568 1022 1628 cautibus
1035 1569 1160 1641 horrens

400 1662 562 1734 Caucasus,
579 1662 798 1739 Hyrcanaeque
813 1660 973 1720 admorunt
986 1661 1078 1721 ubera
1091 1661 1190 1739 tigres.

399 1755 478 1813 Nam
494 1754 566 1830 quid
580 1752 758 1813 dissimulo?
779 1764 830 1813 aut
844 1772 922 1830 quae
936 1772 985 1813 me
999 1752 1038 1813 ad
1052 1754 1164 1833 majora
1177 1756 1317 1817 reservo?

399 1849 480 1905 Num
494 1847 566 1907 fletu
581 1847 725 1925 ingemuit
739 1849 864 1907 nostro?
886 1866 957 1906 num
973 1846 1086 1907 lumina
1099 1845 1199 1907 flexit?

399 1942 480 1998 Num
495 1940 631 1999 lacrimas
643 1939 740 1999 victus
754 1939 846 2013 dedit,
861 1949 913 1999 aut
927 1940 1083 2000 miseratus
1097 1949 1247 2000 amantem
1261 1943 1324 2004 est?
1341 1966 1381 2006 ψ

399 2032 484 2105 Quae
499 2033 607 2109 quibus
620 2033 804 2092 anteferam?
837 2034 906 2108 Jam
918 2034 980 2109 jam
995 2051 1051 2099 nec
1064 2033 1193 2092 maxima
1208 2036 1295 2109 qu0,
1406 2034 1408 2039 ’

399 2128 464 2184 Nec
480 2125 634 2184 Saturnius
649 2126 724 2184 haec
738 2125 833 2185 oculis
845 2135 932 2203 pater
945 2124 1074 2203 adspicit
1087 2125 1199 2203 aequis.

399 2220 556 2295 Nusquam
570 2227 634 2277 tuta
646 2218 731 2277 fides.
775 2218 912 2297 Ejectum
926 2218 1011 2279 litore
1026 2228 1164 2297 egentem

368 2311 371 2314 ’
399 2310 511 2388 Excepi
528 2321 559 2371 et
572 2309 655 2389 regni
669 2310 794 2371 demens
808 2310 838 2369 in
853 2321 936 2388 parte
951 2311 1067 2387 locavi;

398 2405 550 2464 Amissam
565 2403 700 2477 classem,
718 2404 818 2464 socios
831 2423 849 2464 a
862 2413 960 2464 morte
973 2404 1086 2464 reduxi.
1340 2434 1378 2474 ης

398 2500 470 2557 Heu
485 2497 567 2557 suriis
582 2497 706 2556 incensa
719 2496 815 2556 feror!
857 2499 949 2557 Nunc
962 2517 1055 2574 augur
1068 2496 1190 2575 Apollo,

398 2594 488 2652 Nunc
502 2592 611 2670 Lyciae
624 2601 729 2664 sortes,
745 2609 825 2650 nunc
838 2600 870 2651 et
882 2594 958 2673 Jove
972 2592 1082 2653 missus
1096 2591 1137 2651 ab
1150 2590 1217 2670 ipso

397 2688 550 2762 Interpres
564 2683 665 2744 divum
679 2684 735 2743 fert
748 2684 869 2744 horrida
878 2685 962 2764 jussa
975 2704 1030 2762 per
1042 2704 1138 2745 auras.

398 2779 518 2838 Scilicet
531 2777 556 2837 is
570 2777 691 2853 Superis
706 2777 790 2836 labor
803 2786 857 2850 est,
872 2796 910 2837 ea
924 2796 995 2838 cura
1008 2778 1126 2854 quietos
1371 2840 1373 2843 .

398 2871 552 2931 Sollicitat.
596 2872 705 2946 Neque
719 2878 749 2929 te
763 2879 861 2944 teneo,
877 2889 976 2947 neque
990 2871 1071 2931 dicta
1084 2868 1206 2944 refell03
1340 2885 1378 2935 sso

397 2966 422 3036 I,
438 2982 564 3040 sequere
579 2963 698 3022 Italiam
712 2961 818 3036 ventis,
833 2973 903 3040 pete
917 2982 1009 3042 regna
1022 2981 1077 3040 per
1089 2962 1193 3022 undas.

397 3150 548 3228 Supplicia
562 3150 722 3208 hausurum
737 3150 876 3225 scopulis,
892 3158 924 3209 et
938 3149 1060 3209 nomine
1075 3147 1157 3208 Dido

397 3245 491 3320 Saepe
506 3252 685 3302 vocatumm.
730 3242 844 3318 Sequar
857 3242 930 3302 atris
944 3241 1063 3319 ignibus
1077 3240 1195 3313 absens,
1250 3301 1251 3304 ,

399 3339 444 3410 Et,
461 3355 551 3412 quum
566 3333 672 3413 frigida
685 3352 766 3394 mors
779 3334 880 3394 anima
894 3333 1047 3404 seduxerit
1060 3342 1150 3406 artus,
1338 3347 1376 3399 ssss

399 3429 546 3490 Omnibus
561 3428 666 3487 umbra
679 3426 752 3486 locis
766 3427 865 3487 adero.
909 3426 1013 3500 Dabis,
1029 3426 1175 3503 improbe,
1190 3442 1313 3503 poenas.

399 3521 536 3593 Audiam,
552 3529 583 3579 et
596 3521 670 3579 haec
685 3522 794 3578 Manes
808 3519 909 3579 veniet
921 3519 994 3578 mihi
1008 3518 1088 3580 fama
1100 3518 1158 3584 sub
1172 3518 1256 3580 imos.

400 3615 457 3674 His
472 3613 604 3673 medium
618 3612 707 3672 dietis
720 3629 889 3672 sermonem
903 3611 1061 3689 abrumpit,
1077 3620 1107 3671 et
1121 3629 1207 3672 auras

399 3708 495 3783 Aegra
508 3706 590 3783 fingit,
606 3722 699 3781 seque
712 3722 750 3762 ex
764 3704 859 3763 oeulis
872 3704 979 3764 avertit
992 3712 1023 3764 et
1036 3704 1137 3777 aufert,

400 3798 552 3876 Linquens
565 3798 659 3857 multa
672 3805 754 3855 metu
767 3806 958 3856 cunctantem
973 3806 1004 3856 et
1016 3797 1109 3856 multa
1123 3804 1278 3873 parantem
1337 3826 1376 3866 no

400 3892 515 3952 Dicere.
559 3888 731 3965 Suscipiunt
743 3888 881 3961 famulae,
897 3889 1090 3965 oollapsaque
1103 3889 1237 3951 membra

401 3986 570 4045 Marmoreo
583 3982 714 4043 referunt
727 3981 859 4042 thalamo
871 3982 1032 4059 stratisque
1046 3992 1203 4059 reponunt
1288 4020 1291 4029 .
