3550 4859
699 559 883 606 Gnomcoll
904 560 964 606 ΗΒ.
987 561 1007 605 1.
1044 609 1048 616 ,
1296 569 1342 627 ¹93

365 705 540 766 Detmotn
553 702 961 784 incompositosetcarmina
974 705 1061 767 dicat.
1098 707 1101 712 '
1307 715 1347 779 ἐφ

403 800 505 875 Atque
520 798 594 860 haec
608 809 642 859 ut
655 799 744 860 certis
757 818 915 878 possemus
929 799 1046 860 discere
1059 801 1162 879 signis

363 893 542 967 Aestusque,
557 891 743 970 pluviasque,
758 904 789 952 et
801 904 926 971 agentes
939 893 1049 971 frigora
1062 904 1178 967 ventos,

363 986 437 1061 Ipse
451 986 540 1044 Pater
553 984 665 1060 statuit,
682 986 754 1062 quid
767 996 922 1046 menstrua
935 987 1021 1045 Luna
1034 996 1170 1045 moneret
1179 1007 1192 1063 3

362 1077 434 1151 Quo
448 1076 534 1154 signo
548 1078 691 1139 caderent
704 1077 815 1151 aust1i;
835 1079 909 1155 quid
922 1097 1013 1156 saepe
1027 1079 1165 1139 videntes

361 1171 522 1249 Agricolae
534 1170 659 1248 propius
673 1171 799 1231 stabulis
813 1182 947 1231 armenta
960 1181 1104 1231 tenerent

362 1264 526 1338 Continu0‚
541 1266 638 1325 ventis
653 1265 852 1343 surgentibus,
868 1275 920 1325 aut
934 1266 1009 1325 freta
1022 1265 1108 1342 ponti

362 1355 517 1435 Incipiunt
531 1359 640 1436 agitata
654 1368 820 1417 tumescere
834 1368 864 1417 et
878 1358 977 1417 aridus
991 1357 1059 1418 altis

357 1450 522 1511 Montibus
536 1452 631 1511 audiri
644 1451 750 1529 nagor,
765 1463 816 1510 aut
829 1451 1001 1511 resonantia
1015 1452 1103 1529 longe

361 1542 465 1603 Litora
479 1544 598 1604 misceri
611 1556 642 1605 et
655 1563 811 1611 nemorum
825 1542 1044 1604 increbrescere
1059 1563 1196 1606 murmur.

361 1637 429 1712 Jam
443 1636 502 1695 sibi
515 1647 578 1696 tum
591 1657 610 1697 a
623 1640 720 1700 curvis
733 1639 813 1699 male
825 1647 973 1714 temperat
986 1639 1068 1697 unda
1081 1636 1198 1710 carinis,

362 1729 464 1804 Quum
478 1730 578 1789 medio
592 1731 706 1790 celeres
720 1730 857 1804 revolant
870 1749 908 1789 ex
922 1748 1051 1806 aequore
1066 1729 1161 1808 mergi

362 1822 593 1899 Clamoremque
607 1823 706 1883 lerunt
719 1823 758 1883 ad
772 1822 867 1897 litora,
883 1841 1035 1900 quumque
1049 1823 1187 1883 marinae¹

362 1915 400 1975 In
414 1914 497 1976 sicco
511 1916 618 1975 ludunt
631 1916 747 1990 fulicae,
764 1928 911 1993 notasque
926 1916 1052 1993 paludes

361 2008 483 2070 Deserit
497 2019 586 2085 atque
600 2010 691 2069 altam
704 2028 795 2086 supra
807 2011 889 2069 volat
903 2009 992 2069 ardea
1005 2010 1125 2069 nubem.

362 2099 459 2176 Saepe
470 2098 561 2159 etiam
575 2100 687 2173 stellas,
702 2110 793 2160 vento
808 2100 1009 2177 impendente,
1025 2100 1143 2161 videbis

361 2190 543 2270 Praecipites
557 2194 644 2253 coelo
658 2193 727 2267 labi,
743 2194 900 2270 noctisque
914 2213 968 2271 per
982 2195 1117 2254 umbram

361 2284 563 2345 Flammarum
577 2287 684 2364 longos
697 2306 717 2345 a
730 2296 814 2365 tergo
827 2287 981 2347 albescere
994 2296 1127 2362 tractim

359 2379 457 2455 Saepe
471 2379 569 2438 levem
582 2380 698 2456 paleam
710 2390 741 2439 et
754 2379 875 2439 frondes
888 2380 1012 2440 volitare
1026 2381 1164 2454 caducas,

359 2472 423 2531 Aut
436 2491 553 2532 summa
566 2482 679 2532 nantes·
687 2472 718 2532 in
732 2492 811 2549 aqua
824 2473 976 2534 colludere
990 2475 1116 2550 plumas.

324 2584 328 2589 ·
360 2567 404 2624 At
418 2566 532 2625 Boreae
545 2566 584 2625 de
597 2575 682 2642 parte
696 2565 785 2625 trucis
800 2584 893 2642 quum
904 2566 1049 2640 fulminat,
1065 2577 1096 2626 et
1111 2585 1203 2642 quum

361 2658 493 2735 Eurique
507 2658 691 2736 Zephyrique
706 2669 790 2719 tonat
804 2660 920 2734 domus,
936 2659 1038 2719 omnia
1050 2658 1150 2735 plenis

360 2754 445 2811 Rura
458 2762 563 2812 natant
576 2752 674 2826 fossis,
689 2762 780 2829 atque
794 2752 893 2811 omnis
908 2751 1007 2811 navita
1020 2763 1115 2828 ponto

360 2844 499 2905 Humida
512 2844 579 2905 vela
592 2845 671 2923 legit
715 2847 888 2921 Numquam
903 2843 1141 2922 imprudentibus
1156 2843 1253 2904 imber

360 2938 486 2999 obfuit:
506 2948 557 2998 aut
570 2939 653 2997 illum
667 2948 838 3017 surgentem
852 2938 980 2999 vallibus
994 2937 1062 2998 imis

360 3031 471 3091 A'e'riae
485 3030 585 3109 sugere
599 3050 695 3109 grues,
710 3041 761 3091 aut
775 3032 883 3091 bucula
897 3031 1015 3091 coelum

361 3122 535 3201 Suspiciens
549 3123 658 3201 patulis
672 3124 801 3200 captavit
816 3124 938 3183 naribus
952 3141 1048 3197 auras,

359 3220 425 3277 Aut
437 3227 541 3295 arguta
553 3217 636 3276 lacus
649 3216 895 3277 circumvolitavit
908 3216 1046 3290 hirund0‚

361 3312 401 3369 Et
414 3320 546 3369 veterem
559 3308 590 3368 in
604 3309 676 3369 limo
689 3328 778 3368 ranae
793 3310 930 3369 cecinere
944 3309 1104 3386 querelam.

362 3402 488 3480 Saepius
503 3413 533 3461 et
546 3402 633 3462 tectis
647 3403 850 3480 penetralibus
864 3404 969 3463 extulit
982 3421 1039 3464 ova

360 3497 530 3574 Angustum
545 3495 669 3555 formica
682 3505 783 3555 terens
797 3495 860 3570 iter,
876 3506 906 3557 et
919 3496 998 3555 bibit
1010 3496 1115 3573 ingens

361 3590 465 3661 Arcus,
481 3598 513 3647 et
525 3607 542 3647 e
556 3599 644 3665 pastu
659 3588 810 3648 decedens
824 3589 944 3667 agmine
957 3608 1067 3667 magno

361 3682 528 3741 Corvorum
542 3681 689 3757 increpuit
703 3680 805 3741 densis
819 3681 965 3741 exercitus
978 3680 1041 3742 alis.

359 3774 429 3849 Jam
441 3772 539 3833 varias
552 3774 651 3852 pelagi
664 3776 809 3847 volucres,
825 3783 856 3834 et
869 3792 947 3850 quae
961 3774 1036 3833 Asia
1049 3774 1160 3834 circum
1203 3823 1209 3838 .

360 3866 510 3925 Dulcibus
524 3865 555 3925 in
570 3867 683 3945 stagnis
696 3866 840 3926 rimantur
853 3877 939 3943 prata
952 3866 1078 3946 Caystri,

360 3958 507 4019 Certatim
521 3960 620 4038 largos
632 3958 764 4020 humeris
777 3959 935 4079 inspuere
948 3977 1040 4034 rores,
1154 3964 1157 3970 '
