<?xml version="1.0" encoding="UTF-8"?>
<!DOCTYPE html PUBLIC "-//W3C//DTD XHTML 1.0 Transitional//EN"
    "http://www.w3.org/TR/xhtml1/DTD/xhtml1-transitional.dtd">
<html xmlns="http://www.w3.org/1999/xhtml" xml:lang="en" lang="en">
 <head>
  <title>
</title>
<meta http-equiv="Content-Type" content="text/html;charset=utf-8" />
  <meta name='ocr-system' content='tesseract 3.04.00' />
  <meta name='ocr-capabilities' content='ocr_page ocr_carea ocr_par ocr_line ocrx_word'/>
</head>
<body>
  <div class='ocr_page' id='page_1' title='image "./selectionsfromo00rolfgoog_0171.png"; bbox 0 0 3550 4859; ppageno 0'>
   <div class='ocr_carea' id='block_1_1' title="bbox 738 547 1032 593">
    <p class='ocr_par' dir='ltr' id='par_1_1' title="bbox 738 547 1032 593">
     <span class='ocr_line' id='line_1_1' title="bbox 738 547 1032 593; baseline 0.007 -2"><span class='ocrx_word' id='word_1_1' title='bbox 738 548 896 593; x_wconf 64' lang='lat' dir='ltr'>astismos</span> <span class='ocrx_word' id='word_1_2' title='bbox 917 547 976 592; x_wconf 73' lang='lat' dir='ltr'>bro.</span> <span class='ocrx_word' id='word_1_3' title='bbox 999 549 1032 593; x_wconf 89' lang='lat'>11.</span> 
     </span>
    </p>
   </div>
   <div class='ocr_carea' id='block_1_2' title="bbox 315 691 1380 2723">
    <p class='ocr_par' dir='ltr' id='par_1_2' title="bbox 397 691 1379 1887">
     <span class='ocr_line' id='line_1_2' title="bbox 398 691 1070 769; baseline -0.006 -12"><span class='ocrx_word' id='word_1_4' title='bbox 398 692 544 768; x_wconf 83' lang='lat' dir='ltr'>Substitit,</span> <span class='ocrx_word' id='word_1_5' title='bbox 560 691 705 754; x_wconf 89' lang='lat' dir='ltr'>erravitne</span> <span class='ocrx_word' id='word_1_6' title='bbox 719 692 776 767; x_wconf 89' lang='lat' dir='ltr'>via,</span> <span class='ocrx_word' id='word_1_7' title='bbox 792 714 844 754; x_wconf 94' lang='lat' dir='ltr'>seu</span> <span class='ocrx_word' id='word_1_8' title='bbox 857 694 938 755; x_wconf 86' lang='lat' dir='ltr'>lassa</span> <span class='ocrx_word' id='word_1_9' title='bbox 951 693 1070 769; x_wconf 88' lang='lat' dir='ltr'>resedit,</span> 
     </span>
     <span class='ocr_line' id='line_1_3' title="bbox 398 786 1155 865; baseline 0 -17"><span class='ocrx_word' id='word_1_10' title='bbox 398 793 568 863; x_wconf 87' lang='lat' dir='ltr'>Incertum;</span> <span class='ocrx_word' id='word_1_11' title='bbox 589 807 645 847; x_wconf 90' lang='lat' dir='ltr'>nec</span> <span class='ocrx_word' id='word_1_12' title='bbox 659 796 728 865; x_wconf 92' lang='lat' dir='ltr'>post</span> <span class='ocrx_word' id='word_1_13' title='bbox 742 788 833 847; x_wconf 87' lang='lat' dir='ltr'>oculis</span> <span class='ocrx_word' id='word_1_14' title='bbox 847 796 894 847; x_wconf 93' lang='lat' dir='ltr'>est</span> <span class='ocrx_word' id='word_1_15' title='bbox 908 788 1024 848; x_wconf 90' lang='lat' dir='ltr'>reddita</span> <span class='ocrx_word' id='word_1_16' title='bbox 1038 786 1155 849; x_wconf 88' lang='lat' dir='ltr'>nostris.</span> 
     </span>
     <span class='ocr_line' id='line_1_4' title="bbox 398 879 1152 957; baseline -0.003 -16"><span class='ocrx_word' id='word_1_17' title='bbox 398 884 428 941; x_wconf 94' lang='lat' dir='ltr'>N</span> <span class='ocrx_word' id='word_1_18' title='bbox 431 901 465 941; x_wconf 90' lang='lat' dir='ltr'>ec</span> <span class='ocrx_word' id='word_1_19' title='bbox 480 881 561 957; x_wconf 89' lang='lat' dir='ltr'>prius</span> <span class='ocrx_word' id='word_1_20' title='bbox 576 880 715 939; x_wconf 89' lang='lat' dir='ltr'>amissam</span> <span class='ocrx_word' id='word_1_21' title='bbox 729 880 847 957; x_wconf 85' lang='lat' dir='ltr'>respexi</span> <span class='ocrx_word' id='word_1_22' title='bbox 861 881 1029 940; x_wconf 86' lang='lat' dir='ltr'>animumve</span> <span class='ocrx_word' id='word_1_23' title='bbox 1043 879 1152 954; x_wconf 89' lang='lat' dir='ltr'>reflexi,</span> 
     </span>
     <span class='ocr_line' id='line_1_5' title="bbox 398 973 1276 1051; baseline 0.002 -18"><span class='ocrx_word' id='word_1_24' title='bbox 398 976 496 1050; x_wconf 91' lang='lat' dir='ltr'>Quam</span> <span class='ocrx_word' id='word_1_25' title='bbox 511 974 654 1032; x_wconf 90' lang='lat' dir='ltr'>tumulum</span> <span class='ocrx_word' id='word_1_26' title='bbox 669 973 807 1050; x_wconf 86' lang='lat' dir='ltr'>antiquae</span> <span class='ocrx_word' id='word_1_27' title='bbox 822 973 939 1034; x_wconf 89' lang='lat' dir='ltr'>Cereris</span> <span class='ocrx_word' id='word_1_28' title='bbox 954 975 1115 1051; x_wconf 90' lang='lat' dir='ltr'>sedemque</span> <span class='ocrx_word' id='word_1_29' title='bbox 1130 984 1276 1035; x_wconf 87' lang='lat' dir='ltr'>sacratam</span> 
     </span>
     <span class='ocr_line' id='line_1_6' title="bbox 397 1066 1138 1139; baseline 0.001 -13"><span class='ocrx_word' id='word_1_30' title='bbox 397 1066 542 1126; x_wconf 90' lang='lat' dir='ltr'>Venimus</span> <span class='ocrx_word' id='word_1_31' title='bbox 553 1088 562 1139; x_wconf 89' lang='lat'>;</span> <span class='ocrx_word' id='word_1_32' title='bbox 582 1066 630 1124; x_wconf 92' lang='lat' dir='ltr'>hic</span> <span class='ocrx_word' id='word_1_33' title='bbox 645 1066 765 1124; x_wconf 91' lang='lat' dir='ltr'>demum</span> <span class='ocrx_word' id='word_1_34' title='bbox 778 1066 912 1125; x_wconf 90' lang='lat' dir='ltr'>collectis</span> <span class='ocrx_word' id='word_1_35' title='bbox 926 1066 1064 1126; x_wconf 91' lang='lat' dir='ltr'>omnibus</span> <span class='ocrx_word' id='word_1_36' title='bbox 1077 1086 1138 1128; x_wconf 88' lang='lat' dir='ltr'>una</span> 
     </span>
     <span class='ocr_line' id='line_1_7' title="bbox 397 1158 1163 1235; baseline 0 -16"><span class='ocrx_word' id='word_1_37' title='bbox 397 1159 510 1231; x_wconf 85' lang='lat' dir='ltr'>Defuit,</span> <span class='ocrx_word' id='word_1_38' title='bbox 525 1168 556 1218; x_wconf 92' lang='lat' dir='ltr'>et</span> <span class='ocrx_word' id='word_1_39' title='bbox 570 1158 695 1217; x_wconf 89' lang='lat' dir='ltr'>comites</span> <span class='ocrx_word' id='word_1_40' title='bbox 710 1168 871 1234; x_wconf 91' lang='lat' dir='ltr'>natumque</span> <span class='ocrx_word' id='word_1_41' title='bbox 885 1159 1039 1235; x_wconf 91' lang='lat' dir='ltr'>vimmque</span> <span class='ocrx_word' id='word_1_42' title='bbox 1054 1160 1163 1219; x_wconf 85' lang='lat' dir='ltr'>fefellit</span> 
     </span>
     <span class='ocr_line' id='line_1_8' title="bbox 398 1250 1376 1330; baseline 0.001 -19"><span class='ocrx_word' id='word_1_43' title='bbox 398 1253 497 1327; x_wconf 87' lang='lat' dir='ltr'>Quem</span> <span class='ocrx_word' id='word_1_44' title='bbox 512 1271 573 1311; x_wconf 91' lang='lat' dir='ltr'>non</span> <span class='ocrx_word' id='word_1_45' title='bbox 587 1250 719 1311; x_wconf 87' lang='lat' dir='ltr'>incusavi</span> <span class='ocrx_word' id='word_1_46' title='bbox 735 1270 837 1311; x_wconf 90' lang='lat' dir='ltr'>amens</span> <span class='ocrx_word' id='word_1_47' title='bbox 851 1251 1064 1328; x_wconf 84' lang='lat' dir='ltr'>hominumque</span> <span class='ocrx_word' id='word_1_48' title='bbox 1079 1253 1271 1330; x_wconf 91' lang='lat' dir='ltr'>deorumque,</span> <span class='ocrx_word' id='word_1_49' title='bbox 1341 1282 1376 1321; x_wconf 75' lang='lat'>⁷⁴⁵</span> 
     </span>
     <span class='ocr_line' id='line_1_9' title="bbox 399 1343 1056 1421; baseline 0 -17"><span class='ocrx_word' id='word_1_50' title='bbox 399 1348 461 1404; x_wconf 91' lang='lat' dir='ltr'>Aut</span> <span class='ocrx_word' id='word_1_51' title='bbox 476 1344 548 1421; x_wconf 92' lang='lat' dir='ltr'>quid</span> <span class='ocrx_word' id='word_1_52' title='bbox 563 1343 593 1401; x_wconf 92' lang='lat' dir='ltr'>in</span> <span class='ocrx_word' id='word_1_53' title='bbox 609 1362 712 1403; x_wconf 88' lang='lat' dir='ltr'>eversa</span> <span class='ocrx_word' id='word_1_54' title='bbox 725 1344 786 1403; x_wconf 89' lang='lat' dir='ltr'>vidi</span> <span class='ocrx_word' id='word_1_55' title='bbox 801 1344 948 1403; x_wconf 89' lang='lat' dir='ltr'>crudelius</span> <span class='ocrx_word' id='word_1_56' title='bbox 964 1345 1056 1405; x_wconf 88' lang='lat' dir='ltr'>urbe?</span> 
     </span>
     <span class='ocr_line' id='line_1_10' title="bbox 398 1436 1270 1514; baseline 0.001 -18"><span class='ocrx_word' id='word_1_57' title='bbox 398 1437 563 1496; x_wconf 87' lang='lat' dir='ltr'>Ascanium</span> <span class='ocrx_word' id='word_1_58' title='bbox 577 1436 790 1513; x_wconf 90' lang='lat' dir='ltr'>Anchisenque</span> <span class='ocrx_word' id='word_1_59' title='bbox 804 1448 918 1514; x_wconf 89' lang='lat' dir='ltr'>patrem</span> <span class='ocrx_word' id='word_1_60' title='bbox 933 1439 1125 1514; x_wconf 88' lang='lat' dir='ltr'>Teucrosque</span> <span class='ocrx_word' id='word_1_61' title='bbox 1141 1440 1270 1499; x_wconf 87' lang='lat' dir='ltr'>Penates</span> 
     </span>
     <span class='ocr_line' id='line_1_11' title="bbox 399 1529 1099 1606; baseline 0.001 -16"><span class='ocrx_word' id='word_1_62' title='bbox 399 1529 588 1590; x_wconf 88' lang='lat' dir='ltr'>Commendo</span> <span class='ocrx_word' id='word_1_63' title='bbox 603 1529 692 1589; x_wconf 92' lang='lat' dir='ltr'>sociis</span> <span class='ocrx_word' id='word_1_64' title='bbox 707 1541 737 1588; x_wconf 91' lang='lat' dir='ltr'>et</span> <span class='ocrx_word' id='word_1_65' title='bbox 753 1543 842 1589; x_wconf 85' lang='lat' dir='ltr'>curva</span> <span class='ocrx_word' id='word_1_66' title='bbox 855 1531 932 1589; x_wconf 89' lang='lat' dir='ltr'>valle</span> <span class='ocrx_word' id='word_1_67' title='bbox 947 1531 1099 1606; x_wconf 88' lang='lat' dir='ltr'>recondo;</span> 
     </span>
     <span class='ocr_line' id='line_1_12' title="bbox 399 1622 1170 1701; baseline 0.001 -20"><span class='ocrx_word' id='word_1_68' title='bbox 399 1624 470 1699; x_wconf 92' lang='lat' dir='ltr'>Ipse</span> <span class='ocrx_word' id='word_1_69' title='bbox 485 1623 590 1681; x_wconf 91' lang='lat' dir='ltr'>urbem</span> <span class='ocrx_word' id='word_1_70' title='bbox 604 1632 706 1699; x_wconf 91' lang='lat' dir='ltr'>repeto</span> <span class='ocrx_word' id='word_1_71' title='bbox 721 1632 751 1681; x_wconf 92' lang='lat' dir='ltr'>et</span> <span class='ocrx_word' id='word_1_72' title='bbox 765 1622 868 1701; x_wconf 84' lang='lat' dir='ltr'>cingor</span> <span class='ocrx_word' id='word_1_73' title='bbox 881 1623 1060 1700; x_wconf 85' lang='lat' dir='ltr'>fulgentibus</span> <span class='ocrx_word' id='word_1_74' title='bbox 1074 1624 1170 1684; x_wconf 80' lang='lat' dir='ltr'>armis.</span> 
     </span>
     <span class='ocr_line' id='line_1_13' title="bbox 400 1718 1379 1793; baseline -0.003 -18"><span class='ocrx_word' id='word_1_75' title='bbox 400 1718 464 1776; x_wconf 89' lang='lat' dir='ltr'>Stat</span> <span class='ocrx_word' id='word_1_76' title='bbox 478 1735 565 1775; x_wconf 90' lang='lat' dir='ltr'>casus</span> <span class='ocrx_word' id='word_1_77' title='bbox 580 1734 721 1790; x_wconf 88' lang='lat' dir='ltr'>renovare</span> <span class='ocrx_word' id='word_1_78' title='bbox 735 1735 848 1790; x_wconf 91' lang='lat' dir='ltr'>omnes,</span> <span class='ocrx_word' id='word_1_79' title='bbox 864 1735 1044 1793; x_wconf 91' lang='lat' dir='ltr'>omnemque</span> <span class='ocrx_word' id='word_1_80' title='bbox 1059 1718 1167 1777; x_wconf 92' lang='lat' dir='ltr'>reverti</span> <span class='ocrx_word' id='word_1_81' title='bbox 1341 1744 1379 1784; x_wconf 69' lang='lat'>750</span> 
     </span>
     <span class='ocr_line' id='line_1_14' title="bbox 399 1809 1171 1887; baseline 0.003 -19"><span class='ocrx_word' id='word_1_82' title='bbox 399 1812 456 1870; x_wconf 90' lang='lat' dir='ltr'>Per</span> <span class='ocrx_word' id='word_1_83' title='bbox 470 1810 601 1886; x_wconf 89' lang='lat' dir='ltr'>Trojam,</span> <span class='ocrx_word' id='word_1_84' title='bbox 617 1818 648 1867; x_wconf 91' lang='lat' dir='ltr'>et</span> <span class='ocrx_word' id='word_1_85' title='bbox 661 1828 762 1867; x_wconf 88' lang='lat' dir='ltr'>mrsus</span> <span class='ocrx_word' id='word_1_86' title='bbox 776 1818 866 1885; x_wconf 90' lang='lat' dir='ltr'>caput</span> <span class='ocrx_word' id='word_1_87' title='bbox 880 1810 1030 1887; x_wconf 89' lang='lat' dir='ltr'>objectare</span> <span class='ocrx_word' id='word_1_88' title='bbox 1044 1809 1171 1886; x_wconf 89' lang='lat' dir='ltr'>periclis.</span> 
     </span>
    </p>

    <p class='ocr_par' dir='ltr' id='par_1_3' title="bbox 315 1901 1380 2723">
     <span class='ocr_line' id='line_1_15' title="bbox 439 1901 1147 1980; baseline 0.003 -18"><span class='ocrx_word' id='word_1_89' title='bbox 439 1901 590 1979; x_wconf 88' lang='lat' dir='ltr'>Principio</span> <span class='ocrx_word' id='word_1_90' title='bbox 604 1920 704 1961; x_wconf 91' lang='lat' dir='ltr'>muros</span> <span class='ocrx_word' id='word_1_91' title='bbox 719 1902 904 1979; x_wconf 89' lang='lat' dir='ltr'>obscuraque</span> <span class='ocrx_word' id='word_1_92' title='bbox 919 1902 1021 1962; x_wconf 90' lang='lat' dir='ltr'>limina</span> <span class='ocrx_word' id='word_1_93' title='bbox 1034 1914 1147 1980; x_wconf 87' lang='lat' dir='ltr'>portae,</span> 
     </span>
     <span class='ocr_line' id='line_1_16' title="bbox 399 1996 1208 2075; baseline 0.004 -20"><span class='ocrx_word' id='word_1_94' title='bbox 399 1997 467 2071; x_wconf 90' lang='lat' dir='ltr'>Qua</span> <span class='ocrx_word' id='word_1_95' title='bbox 480 2013 615 2073; x_wconf 87' lang='lat' dir='ltr'>gressum</span> <span class='ocrx_word' id='word_1_96' title='bbox 629 1996 800 2068; x_wconf 89' lang='lat' dir='ltr'>extuleram,</span> <span class='ocrx_word' id='word_1_97' title='bbox 816 2004 929 2072; x_wconf 90' lang='lat' dir='ltr'>repeto,</span> <span class='ocrx_word' id='word_1_98' title='bbox 945 2004 975 2055; x_wconf 92' lang='lat' dir='ltr'>et</span> <span class='ocrx_word' id='word_1_99' title='bbox 989 1997 1114 2075; x_wconf 87' lang='lat' dir='ltr'>vestigia</span> <span class='ocrx_word' id='word_1_100' title='bbox 1129 2006 1208 2058; x_wconf 90' lang='lat' dir='ltr'>retro</span> 
     </span>
     <span class='ocr_line' id='line_1_17' title="bbox 399 2088 1171 2165; baseline 0.001 -17"><span class='ocrx_word' id='word_1_101' title='bbox 399 2089 565 2149; x_wconf 90' lang='lat' dir='ltr'>Observata</span> <span class='ocrx_word' id='word_1_102' title='bbox 579 2106 688 2164; x_wconf 89' lang='lat' dir='ltr'>sequor</span> <span class='ocrx_word' id='word_1_103' title='bbox 701 2107 754 2165; x_wconf 93' lang='lat' dir='ltr'>per</span> <span class='ocrx_word' id='word_1_104' title='bbox 768 2100 887 2147; x_wconf 91' lang='lat' dir='ltr'>noctem</span> <span class='ocrx_word' id='word_1_105' title='bbox 902 2098 932 2148; x_wconf 92' lang='lat' dir='ltr'>et</span> <span class='ocrx_word' id='word_1_106' title='bbox 945 2088 1056 2149; x_wconf 94' lang='lat' dir='ltr'>lumine</span> <span class='ocrx_word' id='word_1_107' title='bbox 1071 2091 1171 2151; x_wconf 91' lang='lat' dir='ltr'>lustro.</span> 
     </span>
     <span class='ocr_line' id='line_1_18' title="bbox 315 2177 1379 2258; baseline 0.006 -19"><span class='ocrx_word' id='word_1_108' title='bbox 315 2213 322 2227; x_wconf 91' lang='lat'><strong>·</strong></span> <span class='ocrx_word' id='word_1_109' title='bbox 399 2177 515 2240; x_wconf 83' lang='lat' dir='ltr'>Ho‘rror</span> <span class='ocrx_word' id='word_1_110' title='bbox 528 2180 639 2256; x_wconf 91' lang='lat' dir='ltr'>ubique</span> <span class='ocrx_word' id='word_1_111' title='bbox 653 2180 777 2254; x_wconf 90' lang='lat' dir='ltr'>animos,</span> <span class='ocrx_word' id='word_1_112' title='bbox 794 2181 880 2240; x_wconf 92' lang='lat' dir='ltr'>simul</span> <span class='ocrx_word' id='word_1_113' title='bbox 894 2181 960 2258; x_wconf 91' lang='lat' dir='ltr'>ipsa</span> <span class='ocrx_word' id='word_1_114' title='bbox 975 2181 1094 2243; x_wconf 86' lang='lat' dir='ltr'>silentia</span> <span class='ocrx_word' id='word_1_115' title='bbox 1109 2192 1228 2244; x_wconf 89' lang='lat' dir='ltr'>terrent.</span> <span class='ocrx_word' id='word_1_116' title='bbox 1341 2205 1379 2245; x_wconf 79' lang='lat' dir='ltr'>rss</span> 
     </span>
     <span class='ocr_line' id='line_1_19' title="bbox 399 2272 1157 2351; baseline 0.005 -18"><span class='ocrx_word' id='word_1_117' title='bbox 399 2272 477 2333; x_wconf 93' lang='lat' dir='ltr'>Inde</span> <span class='ocrx_word' id='word_1_118' title='bbox 492 2273 623 2346; x_wconf 92' lang='lat' dir='ltr'>domum,</span> <span class='ocrx_word' id='word_1_119' title='bbox 639 2273 665 2332; x_wconf 92' lang='lat' dir='ltr'>si</span> <span class='ocrx_word' id='word_1_120' title='bbox 678 2272 754 2333; x_wconf 84' lang='lat' dir='ltr'>forte</span> <span class='ocrx_word' id='word_1_121' title='bbox 769 2274 887 2351; x_wconf 90' lang='lat' dir='ltr'>pedem,</span> <span class='ocrx_word' id='word_1_122' title='bbox 903 2274 929 2335; x_wconf 93' lang='lat' dir='ltr'>si</span> <span class='ocrx_word' id='word_1_123' title='bbox 942 2273 1017 2335; x_wconf 85' lang='lat' dir='ltr'>forte</span> <span class='ocrx_word' id='word_1_124' title='bbox 1032 2276 1157 2350; x_wconf 85' lang='lat' dir='ltr'>tulisset,</span> 
     </span>
     <span class='ocr_line' id='line_1_20' title="bbox 399 2367 1328 2440; baseline 0 -13"><span class='ocrx_word' id='word_1_125' title='bbox 399 2370 453 2427; x_wconf 91' lang='lat' dir='ltr'>Me</span> <span class='ocrx_word' id='word_1_126' title='bbox 467 2368 571 2426; x_wconf 87' lang='lat' dir='ltr'>refero.</span> <span class='ocrx_word' id='word_1_127' title='bbox 616 2368 765 2427; x_wconf 84' lang='lat' dir='ltr'>irruerant</span> <span class='ocrx_word' id='word_1_128' title='bbox 779 2367 886 2440; x_wconf 86' lang='lat' dir='ltr'>Danai,</span> <span class='ocrx_word' id='word_1_129' title='bbox 902 2377 932 2427; x_wconf 92' lang='lat' dir='ltr'>et</span> <span class='ocrx_word' id='word_1_130' title='bbox 947 2377 1060 2428; x_wconf 91' lang='lat' dir='ltr'>tectum</span> <span class='ocrx_word' id='word_1_131' title='bbox 1074 2389 1164 2430; x_wconf 88' lang='lat' dir='ltr'>omne</span> <span class='ocrx_word' id='word_1_132' title='bbox 1178 2370 1328 2430; x_wconf 88' lang='lat' dir='ltr'>tenebant.</span> 
     </span>
     <span class='ocr_line' id='line_1_21' title="bbox 400 2460 1087 2539; baseline 0 -18"><span class='ocrx_word' id='word_1_133' title='bbox 400 2461 489 2521; x_wconf 90' lang='lat' dir='ltr'>Ilicet</span> <span class='ocrx_word' id='word_1_134' title='bbox 502 2460 578 2537; x_wconf 86' lang='lat' dir='ltr'>ignis</span> <span class='ocrx_word' id='word_1_135' title='bbox 592 2461 670 2519; x_wconf 84' lang='lat' dir='ltr'>edax</span> <span class='ocrx_word' id='word_1_136' title='bbox 683 2479 799 2519; x_wconf 90' lang='lat' dir='ltr'>summa</span> <span class='ocrx_word' id='word_1_137' title='bbox 813 2461 851 2519; x_wconf 91' lang='lat' dir='ltr'>ad</span> <span class='ocrx_word' id='word_1_138' title='bbox 866 2460 984 2539; x_wconf 84' lang='lat' dir='ltr'>fastigia</span> <span class='ocrx_word' id='word_1_139' title='bbox 996 2471 1087 2521; x_wconf 92' lang='lat' dir='ltr'>vento</span> 
     </span>
     <span class='ocr_line' id='line_1_22' title="bbox 399 2553 1273 2629; baseline 0.003 -19"><span class='ocrx_word' id='word_1_140' title='bbox 399 2553 556 2626; x_wconf 84' lang='lat' dir='ltr'>Volvitur3</span> <span class='ocrx_word' id='word_1_141' title='bbox 576 2563 755 2629; x_wconf 90' lang='lat' dir='ltr'>exsuperant</span> <span class='ocrx_word' id='word_1_142' title='bbox 768 2553 915 2627; x_wconf 88' lang='lat' dir='ltr'>flammae,</span> <span class='ocrx_word' id='word_1_143' title='bbox 931 2554 1000 2614; x_wconf 89' lang='lat' dir='ltr'>furit</span> <span class='ocrx_word' id='word_1_144' title='bbox 1013 2565 1112 2615; x_wconf 89' lang='lat' dir='ltr'>aestus</span> <span class='ocrx_word' id='word_1_145' title='bbox 1126 2555 1165 2615; x_wconf 93' lang='lat' dir='ltr'>ad</span> <span class='ocrx_word' id='word_1_146' title='bbox 1179 2573 1273 2615; x_wconf 86' lang='lat' dir='ltr'>auras.</span> 
     </span>
     <span class='ocr_line' id='line_1_23' title="bbox 401 2645 1380 2723; baseline 0.008 -18"><span class='ocrx_word' id='word_1_147' title='bbox 401 2645 536 2705; x_wconf 91' lang='lat' dir='ltr'>Procedo</span> <span class='ocrx_word' id='word_1_148' title='bbox 551 2656 581 2705; x_wconf 87' lang='lat' dir='ltr'>et</span> <span class='ocrx_word' id='word_1_149' title='bbox 596 2645 705 2704; x_wconf 89' lang='lat' dir='ltr'>Priami</span> <span class='ocrx_word' id='word_1_150' title='bbox 719 2645 807 2705; x_wconf 91' lang='lat' dir='ltr'>sedes</span> <span class='ocrx_word' id='word_1_151' title='bbox 821 2665 980 2723; x_wconf 90' lang='lat' dir='ltr'>arcemque</span> <span class='ocrx_word' id='word_1_152' title='bbox 995 2648 1100 2709; x_wconf 90' lang='lat' dir='ltr'>reviso.</span> <span class='ocrx_word' id='word_1_153' title='bbox 1342 2663 1380 2713; x_wconf 81' lang='lat'>7⁶0</span> 
     </span>
    </p>
   </div>
   <div class='ocr_carea' id='block_1_3' title="bbox 305 2738 1052 2817">
    <p class='ocr_par' dir='ltr' id='par_1_4' title="bbox 305 2738 1052 2817">
     <span class='ocr_line' id='line_1_24' title="bbox 305 2738 1052 2817; baseline 0.003 -19"><span class='ocrx_word' id='word_1_154' title='bbox 305 2813 307 2817; x_wconf 23' lang='grc' dir='ltr'>Ι</span> <span class='ocrx_word' id='word_1_155' title='bbox 402 2741 440 2799; x_wconf 93' lang='lat' dir='ltr'>Et</span> <span class='ocrx_word' id='word_1_156' title='bbox 458 2741 521 2815; x_wconf 88' lang='lat' dir='ltr'>jam</span> <span class='ocrx_word' id='word_1_157' title='bbox 535 2738 697 2815; x_wconf 89' lang='lat' dir='ltr'>porticibus</span> <span class='ocrx_word' id='word_1_158' title='bbox 712 2739 812 2798; x_wconf 92' lang='lat' dir='ltr'>vacuis</span> <span class='ocrx_word' id='word_1_159' title='bbox 826 2740 955 2815; x_wconf 91' lang='lat' dir='ltr'>Junonis</span> <span class='ocrx_word' id='word_1_160' title='bbox 969 2741 1052 2817; x_wconf 89' lang='lat' dir='ltr'>asylo</span> 
     </span>
    </p>
   </div>
   <div class='ocr_carea' id='block_1_4' title="bbox 403 2831 1382 4024">
    <p class='ocr_par' dir='ltr' id='par_1_5' title="bbox 403 2831 1047 2904">
     <span class='ocr_line' id='line_1_25' title="bbox 403 2831 1047 2904; baseline 0.002 -12"><span class='ocrx_word' id='word_1_161' title='bbox 403 2832 552 2904; x_wconf 88' lang='lat' dir='ltr'>Custodes</span> <span class='ocrx_word' id='word_1_162' title='bbox 566 2831 635 2891; x_wconf 91' lang='lat' dir='ltr'>lecti</span> <span class='ocrx_word' id='word_1_163' title='bbox 650 2832 785 2891; x_wconf 86' lang='lat' dir='ltr'>Phoenix</span> <span class='ocrx_word' id='word_1_164' title='bbox 799 2842 829 2893; x_wconf 91' lang='lat' dir='ltr'>et</span> <span class='ocrx_word' id='word_1_165' title='bbox 843 2833 925 2893; x_wconf 92' lang='lat' dir='ltr'>dirus</span> <span class='ocrx_word' id='word_1_166' title='bbox 940 2833 1047 2894; x_wconf 90' lang='lat' dir='ltr'>Ulixes</span> 
     </span>
    </p>

    <p class='ocr_par' dir='ltr' id='par_1_6' title="bbox 403 2924 1221 3005">
     <span class='ocr_line' id='line_1_26' title="bbox 403 2924 1221 3005; baseline 0.002 -20"><span class='ocrx_word' id='word_1_167' title='bbox 403 2927 546 2985; x_wconf 89' lang='lat' dir='ltr'>Praedam</span> <span class='ocrx_word' id='word_1_168' title='bbox 561 2926 766 2985; x_wconf 90' lang='lat' dir='ltr'>adservabant.</span> <span class='ocrx_word' id='word_1_169' title='bbox 810 2928 882 2986; x_wconf 91' lang='lat' dir='ltr'>Huc</span> <span class='ocrx_word' id='word_1_170' title='bbox 896 2927 1029 3003; x_wconf 91' lang='lat' dir='ltr'>undique</span> <span class='ocrx_word' id='word_1_171' title='bbox 1042 2924 1134 2985; x_wconf 88' lang='lat' dir='ltr'>Troia</span> <span class='ocrx_word' id='word_1_172' title='bbox 1146 2945 1221 3005; x_wconf 81' lang='lat' dir='ltr'>gaza</span> 
     </span>
    </p>

    <p class='ocr_par' dir='ltr' id='par_1_7' title="bbox 403 3018 1121 3097">
     <span class='ocr_line' id='line_1_27' title="bbox 403 3018 1121 3097; baseline 0.006 -21"><span class='ocrx_word' id='word_1_173' title='bbox 403 3018 541 3077; x_wconf 90' lang='lat' dir='ltr'>Incensis</span> <span class='ocrx_word' id='word_1_174' title='bbox 555 3028 658 3095; x_wconf 90' lang='lat' dir='ltr'>erepta</span> <span class='ocrx_word' id='word_1_175' title='bbox 671 3019 776 3097; x_wconf 86' lang='lat' dir='ltr'>adytis,</span> <span class='ocrx_word' id='word_1_176' title='bbox 792 3038 975 3096; x_wconf 91' lang='lat' dir='ltr'>mensaeque</span> <span class='ocrx_word' id='word_1_177' title='bbox 989 3020 1121 3092; x_wconf 91' lang='lat' dir='ltr'>deorum,</span> 
     </span>
    </p>

    <p class='ocr_par' dir='ltr' id='par_1_8' title="bbox 404 3112 1380 3284">
     <span class='ocr_line' id='line_1_28' title="bbox 404 3112 1380 3189; baseline 0.004 -19"><span class='ocrx_word' id='word_1_178' title='bbox 404 3112 600 3187; x_wconf 90' lang='lat' dir='ltr'>Crateresque</span> <span class='ocrx_word' id='word_1_179' title='bbox 615 3129 688 3170; x_wconf 90' lang='lat' dir='ltr'>auro</span> <span class='ocrx_word' id='word_1_180' title='bbox 702 3112 800 3186; x_wconf 92' lang='lat' dir='ltr'>solidi,</span> <span class='ocrx_word' id='word_1_181' title='bbox 816 3113 992 3189; x_wconf 90' lang='lat' dir='ltr'>captivaque</span> <span class='ocrx_word' id='word_1_182' title='bbox 1006 3112 1097 3172; x_wconf 90' lang='lat' dir='ltr'>vestis</span> <span class='ocrx_word' id='word_1_183' title='bbox 1344 3124 1380 3174; x_wconf 78' lang='lat'>7⁶⁵</span> 
     </span>
     <span class='ocr_line' id='line_1_29' title="bbox 406 3202 1253 3284; baseline 0 -21"><span class='ocrx_word' id='word_1_184' title='bbox 406 3202 589 3283; x_wconf 75' lang='lat' dir='ltr'>congeritur.</span> <span class='ocrx_word' id='word_1_185' title='bbox 633 3205 720 3264; x_wconf 91' lang='lat' dir='ltr'>Pueri</span> <span class='ocrx_word' id='word_1_186' title='bbox 735 3216 765 3265; x_wconf 93' lang='lat' dir='ltr'>et</span> <span class='ocrx_word' id='word_1_187' title='bbox 779 3206 906 3283; x_wconf 85' lang='lat' dir='ltr'>¹pavidae</span> <span class='ocrx_word' id='word_1_188' title='bbox 921 3206 1012 3284; x_wconf 85' lang='lat' dir='ltr'>longo</span> <span class='ocrx_word' id='word_1_189' title='bbox 1026 3205 1129 3265; x_wconf 90' lang='lat' dir='ltr'>ordine</span> <span class='ocrx_word' id='word_1_190' title='bbox 1144 3212 1253 3265; x_wconf 86' lang='lat' dir='ltr'>matres</span> 
     </span>
    </p>

    <p class='ocr_par' dir='ltr' id='par_1_9' title="bbox 406 3297 623 3357">
     <span class='ocr_line' id='line_1_30' title="bbox 406 3297 623 3357; baseline 0 -1"><span class='ocrx_word' id='word_1_191' title='bbox 406 3298 491 3356; x_wconf 89' lang='lat' dir='ltr'>Stant</span> <span class='ocrx_word' id='word_1_192' title='bbox 505 3297 623 3357; x_wconf 92' lang='lat' dir='ltr'>circum.</span> 
     </span>
    </p>

    <p class='ocr_par' dir='ltr' id='par_1_10' title="bbox 404 3388 1142 3470">
     <span class='ocr_line' id='line_1_31' title="bbox 404 3388 1142 3470; baseline 0.001 -22"><span class='ocrx_word' id='word_1_193' title='bbox 404 3392 503 3449; x_wconf 86' lang='lat' dir='ltr'>Ausus</span> <span class='ocrx_word' id='word_1_194' title='bbox 518 3390 588 3465; x_wconf 91' lang='lat' dir='ltr'>quin</span> <span class='ocrx_word' id='word_1_195' title='bbox 603 3391 692 3450; x_wconf 91' lang='lat' dir='ltr'>etiam</span> <span class='ocrx_word' id='word_1_196' title='bbox 706 3410 796 3451; x_wconf 92' lang='lat' dir='ltr'>voces</span> <span class='ocrx_word' id='word_1_197' title='bbox 814 3391 927 3470; x_wconf 86' lang='lat' dir='ltr'>jactare</span> <span class='ocrx_word' id='word_1_198' title='bbox 940 3410 993 3467; x_wconf 91' lang='lat' dir='ltr'>per</span> <span class='ocrx_word' id='word_1_199' title='bbox 1007 3388 1142 3450; x_wconf 89' lang='lat' dir='ltr'>umbram</span> 
     </span>
    </p>

    <p class='ocr_par' dir='ltr' id='par_1_11' title="bbox 406 3484 1129 3561">
     <span class='ocr_line' id='line_1_32' title="bbox 406 3484 1129 3561; baseline 0 -20"><span class='ocrx_word' id='word_1_200' title='bbox 406 3484 532 3559; x_wconf 89' lang='lat' dir='ltr'>Implevi</span> <span class='ocrx_word' id='word_1_201' title='bbox 547 3484 676 3544; x_wconf 90' lang='lat' dir='ltr'>clamore</span> <span class='ocrx_word' id='word_1_202' title='bbox 691 3485 763 3558; x_wconf 89' lang='lat' dir='ltr'>vias,</span> <span class='ocrx_word' id='word_1_203' title='bbox 778 3495 969 3561; x_wconf 92' lang='lat' dir='ltr'>maestusque</span> <span class='ocrx_word' id='word_1_204' title='bbox 985 3486 1129 3544; x_wconf 88' lang='lat' dir='ltr'>Creusam</span> 
     </span>
    </p>

    <p class='ocr_par' dir='ltr' id='par_1_12' title="bbox 406 3574 1382 3749">
     <span class='ocr_line' id='line_1_33' title="bbox 406 3574 1382 3654; baseline -0.001 -20"><span class='ocrx_word' id='word_1_205' title='bbox 406 3576 617 3653; x_wconf 90' lang='lat' dir='ltr'>Nequidquam</span> <span class='ocrx_word' id='word_1_206' title='bbox 632 3578 818 3654; x_wconf 87' lang='lat' dir='ltr'>ingeminans</span> <span class='ocrx_word' id='word_1_207' title='bbox 832 3577 996 3653; x_wconf 90' lang='lat' dir='ltr'>iterumque</span> <span class='ocrx_word' id='word_1_208' title='bbox 1011 3577 1176 3651; x_wconf 88' lang='lat' dir='ltr'>iterumque</span> <span class='ocrx_word' id='word_1_209' title='bbox 1191 3574 1302 3635; x_wconf 89' lang='lat' dir='ltr'>vocavi.</span> <span class='ocrx_word' id='word_1_210' title='bbox 1343 3601 1382 3640; x_wconf 75' lang='lat'>⁷70</span> 
     </span>
     <span class='ocr_line' id='line_1_34' title="bbox 407 3667 1083 3749; baseline -0.001 -21"><span class='ocrx_word' id='word_1_211' title='bbox 407 3670 568 3749; x_wconf 85' lang='lat' dir='ltr'>Quaerenti</span> <span class='ocrx_word' id='word_1_212' title='bbox 582 3681 613 3730; x_wconf 92' lang='lat' dir='ltr'>et</span> <span class='ocrx_word' id='word_1_213' title='bbox 627 3671 713 3730; x_wconf 92' lang='lat' dir='ltr'>tectis</span> <span class='ocrx_word' id='word_1_214' title='bbox 728 3669 806 3728; x_wconf 91' lang='lat' dir='ltr'>urbis</span> <span class='ocrx_word' id='word_1_215' title='bbox 821 3669 885 3729; x_wconf 86' lang='lat' dir='ltr'>sine</span> <span class='ocrx_word' id='word_1_216' title='bbox 900 3670 960 3728; x_wconf 90' lang='lat' dir='ltr'>fine</span> <span class='ocrx_word' id='word_1_217' title='bbox 975 3667 1083 3728; x_wconf 89' lang='lat' dir='ltr'>furenti</span> 
     </span>
    </p>

    <p class='ocr_par' dir='ltr' id='par_1_13' title="bbox 407 3762 1195 3839">
     <span class='ocr_line' id='line_1_35' title="bbox 407 3762 1195 3839; baseline 0 -20"><span class='ocrx_word' id='word_1_218' title='bbox 407 3762 514 3821; x_wconf 90' lang='lat' dir='ltr'>Infelix</span> <span class='ocrx_word' id='word_1_219' title='bbox 528 3764 718 3822; x_wconf 87' lang='lat' dir='ltr'>simulacrum</span> <span class='ocrx_word' id='word_1_220' title='bbox 732 3771 822 3837; x_wconf 89' lang='lat' dir='ltr'>atque</span> <span class='ocrx_word' id='word_1_221' title='bbox 838 3762 931 3839; x_wconf 90' lang='lat' dir='ltr'>ipsius</span> <span class='ocrx_word' id='word_1_222' title='bbox 945 3762 1051 3820; x_wconf 91' lang='lat' dir='ltr'>umbra</span> <span class='ocrx_word' id='word_1_223' title='bbox 1066 3762 1195 3821; x_wconf 78' lang='lat' dir='ltr'>Creusae</span> 
     </span>
    </p>

    <p class='ocr_par' dir='ltr' id='par_1_14' title="bbox 406 3853 1125 3931">
     <span class='ocr_line' id='line_1_36' title="bbox 406 3853 1125 3931; baseline -0.001 -19"><span class='ocrx_word' id='word_1_224' title='bbox 406 3856 479 3915; x_wconf 91' lang='lat' dir='ltr'>Visa</span> <span class='ocrx_word' id='word_1_225' title='bbox 493 3854 565 3914; x_wconf 92' lang='lat' dir='ltr'>mihi</span> <span class='ocrx_word' id='word_1_226' title='bbox 579 3866 648 3915; x_wconf 91' lang='lat' dir='ltr'>ante</span> <span class='ocrx_word' id='word_1_227' title='bbox 664 3856 766 3914; x_wconf 91' lang='lat' dir='ltr'>oculos</span> <span class='ocrx_word' id='word_1_228' title='bbox 780 3864 811 3914; x_wconf 92' lang='lat' dir='ltr'>et</span> <span class='ocrx_word' id='word_1_229' title='bbox 826 3864 898 3914; x_wconf 89' lang='lat' dir='ltr'>nota</span> <span class='ocrx_word' id='word_1_230' title='bbox 912 3855 1006 3930; x_wconf 88' lang='lat' dir='ltr'>major</span> <span class='ocrx_word' id='word_1_231' title='bbox 1020 3853 1125 3931; x_wconf 89' lang='lat' dir='ltr'>imago.</span> 
     </span>
    </p>

    <p class='ocr_par' dir='ltr' id='par_1_15' title="bbox 408 3942 1287 4024">
     <span class='ocr_line' id='line_1_37' title="bbox 408 3942 1287 4024; baseline -0.005 -18"><span class='ocrx_word' id='word_1_232' title='bbox 408 3946 564 4024; x_wconf 89' lang='lat' dir='ltr'>Obstupui,</span> <span class='ocrx_word' id='word_1_233' title='bbox 582 3958 786 4024; x_wconf 89' lang='lat' dir='ltr'>steteruntque</span> <span class='ocrx_word' id='word_1_234' title='bbox 801 3966 904 4007; x_wconf 91' lang='lat' dir='ltr'>comae</span> <span class='ocrx_word' id='word_1_235' title='bbox 919 3956 949 4006; x_wconf 92' lang='lat' dir='ltr'>et</span> <span class='ocrx_word' id='word_1_236' title='bbox 963 3966 1022 4007; x_wconf 91' lang='lat' dir='ltr'>vox</span> <span class='ocrx_word' id='word_1_237' title='bbox 1035 3945 1169 4006; x_wconf 88' lang='lat' dir='ltr'>faucibus</span> <span class='ocrx_word' id='word_1_238' title='bbox 1183 3942 1287 4003; x_wconf 87' lang='lat' dir='ltr'>haesit.</span> 
     </span>
    </p>
   </div>
   <div class='ocr_carea' id='block_1_5' title="bbox 0 0 1792 4859">
    <p class='ocr_par' dir='ltr' id='par_1_16' title="bbox 0 0 1792 4859">
     <span class='ocr_line' id='line_1_38' title="bbox 0 0 1792 4859; baseline 0 0"><span class='ocrx_word' id='word_1_239' title='bbox 0 0 1792 4859; x_wconf 95' lang='lat' dir='ltr'> </span> 
     </span>
    </p>
   </div>
  </div>
 </body>
</html>
