3550 4859
699 574 859 622 munos
879 574 941 620 nra
961 573 1009 620 ιιι.
1225 558 1228 563 ’
1298 576 1359 646 ¹1³·

376 719 531 780 Interdum
544 719 687 797 scopulos
701 721 863 799 avulsaque
875 721 991 782 viscera
1003 716 1114 782 montis
1304 745 1357 790 fen

375 812 472 891 Erigit
486 821 632 887 eructans,
648 813 866 891 liquefactaque
880 834 954 876 saxa
965 814 1023 875 sub
1036 831 1125 874 auras

375 906 453 965 Cum
466 904 579 983 gemitu
592 905 744 981 glomerat,
760 906 914 983 fundoque
927 915 1082 968 exaestuat
1094 905 1164 966 imo,

374 998 468 1058 Fama
481 1006 526 1058 est
540 997 684 1057 Enceladi
698 998 874 1060 semiustum
886 998 1011 1060 fulmine
1024 1018 1133 1076 corpus

374 1090 504 1169 Urgueri
517 1092 596 1151 mole
609 1092 675 1165 hac,
692 1091 904 1170 ingentemque
918 1093 1040 1170 insuper
1054 1095 1185 1154 Aetnam

375 1184 551 1261 Impositam
565 1184 659 1261 ruptis
672 1184 823 1245 flammam
837 1186 987 1264 exspirare
1001 1186 1146 1261 caminis3
1172 1235 1175 1240 .

376 1279 415 1337 Et
428 1278 539 1338 fessum
553 1278 671 1353 quoties
684 1288 780 1338 mutet
793 1278 879 1352 latus,
897 1280 1055 1339 intremere
1068 1298 1190 1339 omnem

375 1372 529 1430 Murmure
544 1370 737 1444 Trinacriam,
753 1381 784 1431 et
797 1371 915 1431 coelum
930 1372 1088 1432 subtexere
1103 1372 1192 1432 sumo.

375 1556 560 1629 Perserimus‚
576 1575 641 1629 nec,
657 1574 734 1633 quae
747 1556 879 1617 sonitum
893 1556 946 1616 det
958 1564 1072 1630 caussa,
1088 1556 1232 1617 videmus.

375 1651 455 1709 Nam
468 1667 566 1725 neque
581 1659 665 1709 erant
679 1659 824 1709 astrorum
837 1649 931 1726 ignes,
947 1668 1004 1709 nec
1018 1649 1134 1712 lucidus
1148 1651 1251 1711 aethra

374 1740 496 1802 Siderea
509 1743 605 1819 polus,
621 1743 750 1802 obscuro
764 1743 818 1802 sed
833 1742 937 1802 nubila
951 1740 1045 1816 coelo,

373 1835 413 1894 Et
426 1834 528 1894 lunam
541 1834 572 1893 in
586 1834 690 1894 nimbo
704 1853 764 1894 nox
778 1835 958 1912 intempesta
971 1834 1100 1895 tenebat

414 1929 539 1987 Postera
555 1928 676 2005 jamque
691 1928 757 1987 dies
770 1927 866 2005 primo
880 1927 1020 2004 surgebat
1035 1928 1109 2001 Eoo,

373 2021 620 2096 Humentemque
634 2023 749 2080 Aurora
763 2021 834 2098 polo
848 2020 1013 2082 dimoverat
1026 2020 1171 2097 umbram,

373 2112 474 2186 Quum
489 2112 588 2172 subito
602 2132 619 2173 e
633 2113 725 2187 silvis,
741 2113 836 2174 macie
850 2114 988 2175 confecta
1002 2132 1148 2191 suprema,

373 2205 474 2283 Ignoti
489 2225 566 2266 nova
581 2207 675 2267 forma
687 2206 743 2266 viri
756 2208 985 2284 miserandaque
999 2208 1081 2267 cultu

373 2298 513 2359 Procedit
527 2300 713 2377 supplexque
725 2319 831 2360 manus
844 2300 884 2360 ad
897 2300 984 2360 litora
998 2300 1102 2360 tendit.

373 2391 572 2468 Respicimus.
616 2393 691 2453 Dira
703 2392 821 2453 illuvies
834 2392 1028 2469 immissaque
1041 2392 1145 2465 barba,

372 2485 553 2545 Consertum
568 2496 708 2564 tegumen
722 2485 818 2562 spinis
826 2508 836 2560 3
855 2496 887 2545 at
902 2494 1001 2546 cetera
1015 2485 1131 2560 Graius,

373 2578 413 2637 Et
427 2578 579 2653 quondam
592 2579 696 2655 patriis
710 2580 749 2638 ad
763 2579 885 2657 Trojam
900 2579 1008 2639 missus
1021 2580 1052 2638 in
1067 2579 1163 2640 armis.

373 2672 466 2747 Isque
480 2670 531 2731 ubi
545 2670 714 2731 Dardanios
728 2672 846 2732 habitus
860 2681 891 2731 et
905 2673 996 2732 Troia
1009 2671 1084 2731 vidit

373 2765 468 2823 Arma
481 2765 593 2841 procul,
608 2765 730 2841 paulum
743 2765 889 2842 adspectu
903 2763 1078 2825 conterritus
1091 2762 1197 2838 haesit,

374 2857 590 2934 Continuitque
603 2858 748 2934 gradum3
768 2877 838 2919 mox
851 2876 919 2918 sese
932 2858 972 2917 ad
984 2857 1072 2919 litora
1084 2876 1230 2936 praeceps

373 2950 451 3010 Cum
465 2950 536 3009 fletu
549 2951 746 3027 precibusque
760 2951 846 3010 tulit:
867 2953 926 3010 Per
939 2950 1038 3011 sidera
1052 2960 1153 3023 testor,

372 3043 431 3103 Per
445 3062 569 3120 superos
584 3054 673 3119 atque
687 3044 745 3102 hoc
760 3042 837 3103 coeli
850 3042 992 3119 spirabile
1006 3044 1116 3114 lumen,

372 3136 485 3195 Tollite
500 3154 557 3208 me,
572 3135 701 3208 Teucri;
721 3154 925 3211 quascumque
939 3134 1078 3195 abducite
1093 3145 1185 3195 terras
1197 3155 1207 3209 ;

374 3230 446 3288 Hoc
460 3238 508 3288 sat
521 3228 584 3288 erit.
628 3227 698 3289 Scio
710 3247 760 3288 me
775 3228 889 3289 Danais
904 3247 921 3288 e
935 3228 1081 3289 classibus
1096 3246 1197 3302 unmn,

375 3324 414 3380 Et
427 3320 510 3381 bello
524 3322 635 3381 Iliacos
648 3320 743 3381 fateor
756 3321 880 3398 petiisse
895 3323 1032 3382 Penates.

374 3414 433 3474 Pro
447 3433 517 3491 qu0‚
533 3414 559 3473 si
573 3413 695 3474 sceleris
710 3423 792 3473 tanta
807 3423 852 3473 est
866 3412 974 3492 injuria
987 3414 1089 3487 nostri,

374 3507 509 3585 Spargite
523 3525 572 3567 me
586 3505 618 3566 in
631 3507 747 3581 fluctus,
762 3517 907 3583 vastoque
920 3506 1085 3585 immergite
1098 3514 1200 3584 ponto.

375 3599 407 3660 Si
422 3618 522 3677 pereo,
537 3600 691 3659 hominum
706 3599 843 3659 manibus
856 3599 970 3676 perisse
989 3598 1111 3676 juvabit

375 3692 508 3766 Dixerat,
524 3702 555 3752 et
567 3710 666 3771 genua
679 3692 833 3769 amplexus
846 3692 1034 3771 genibusque
1047 3692 1184 3753 volutans

375 3785 539 3848 Haerebat.
584 3785 644 3859 Qui
658 3784 706 3858 sit,
720 3784 783 3858 fari,
799 3804 859 3861 quo
873 3785 1018 3864 sanguine
1032 3794 1138 3859 cretus,

375 3879 559 3954 Hortamur;
579 3896 655 3956 quae
669 3878 780 3938 deinde
793 3878 885 3955 agitet
899 3878 1025 3951 fortuna,
1039 3878 1131 3938 fateri

374 3973 447 4050 Ipse
460 3982 546 4050 pater
559 3972 693 4033 dextram
707 3971 864 4045 Anchises,
878 3971 960 4032 baud
973 3971 1066 4032 multa
1078 3979 1220 4045 moratus,
