3550 4859
667 571 874 618 sturmarii.
898 572 957 618 trs.
981 572 1027 618 111.

357 721 436 780 Tota
449 727 562 795 patent,
577 715 698 794 imoque
712 719 806 794 pedes
819 718 851 778 in
864 718 999 795 margine
1012 727 1137 795 ponunt.

356 813 489 874 Territus
503 812 591 870 hoste
602 828 685 870 noro
699 812 832 872 Cadmus
841 830 952 888 capere
966 831 1049 871 arma
1061 811 1204 888 parabat:
1298 836 1309 865 ι
1321 875 1324 881 ,

357 907 405 966 Ne
419 924 503 982 cape,
519 904 558 964 de
571 904 686 982 populo
699 922 789 979 quern
803 915 881 964 terra
894 913 1044 964 creaverat
1057 922 1134 963 nnus

357 1000 520 1072 Exclamat,
537 1016 594 1058 nec
608 1007 639 1056 te
652 995 788 1056 civilibus
801 995 898 1056 insere
912 997 1016 1056 bellisl

356 1094 457 1168 Atque
472 1091 513 1150 ita
527 1089 679 1168 terrigenis
692 1089 788 1166 rigido
800 1090 839 1149 de
853 1089 991 1149 iratribus
1004 1107 1097 1148 unum

266 1167 271 1183 ¹
357 1183 502 1246 Cominus
517 1203 588 1244 ense
602 1183 687 1258 lerit3
706 1183 807 1260 jaculo
821 1181 902 1241 cadit
916 1181 1032 1242 eminus
1045 1181 1117 1258 ipse.

357 1277 419 1336 Hic
433 1295 562 1354 quoque,
579 1277 631 1354 qui
644 1278 768 1337 dederat
781 1277 851 1349 leto,
867 1294 930 1335 non
944 1274 1060 1351 longius
1073 1273 1126 1334 illo

356 1369 446 1444 Vivit,
462 1380 492 1430 et
506 1370 641 1447 exspirat,
657 1371 749 1430 modo
764 1388 838 1447 quas
851 1378 1017 1445 acceperat,
1029 1387 1134 1442 auras3

357 1464 563 1540 Exemploque
577 1463 640 1540 pari
653 1463 722 1523 furit
736 1462 832 1522 omnis
846 1460 942 1535 ¹turba,
957 1480 1072 1537 suoque

356 1558 455 1616 Marte
469 1557 581 1617 cadunt
594 1555 683 1617 subiti
697 1575 750 1633 per
762 1566 866 1615 mutua
877 1556 1000 1615 vulnera
1013 1554 1124 1615 fratres

354 1650 483 1727 Jamque
497 1649 594 1709 brevis
607 1648 686 1709 ritae
700 1648 828 1726 spatium
842 1648 945 1708 sortita
957 1650 1096 1724 juventus

355 1742 552 1819 Sanguineam
568 1742 684 1819 trepido
697 1743 879 1819 plangebant
893 1754 1012 1818 pectore
1026 1752 1161 1815 matrem,

355 1835 498 1912 Quinque
511 1835 725 1913 superstitibus,
741 1854 867 1913 quorum
881 1835 936 1895 fuit
950 1855 1026 1895 unus
1041 1833 1167 1896 Echion.

355 1930 388 1988 Is
403 1948 456 1988 sua
467 1929 541 2005 jecit
554 1927 637 1988 humi
650 1928 766 1989 monitu
779 1927 943 1989 Tritonidis
958 1948 1047 2002 arma,

355 2023 575 2099 Fraternaeque
587 2022 679 2082 fidem
692 2021 776 2098 pacis
789 2021 934 2099 petiitque
949 2021 1098 2099 deditque.

355 2116 425 2198 Hos
438 2114 538 2192 operis
552 2113 677 2174 comites
690 2114 795 2176 habuit
808 2114 948 2176 Sidonius
962 2116 1080 2192 hospes,

355 2211 457 2285 Quum
471 2208 573 2288 posuit
583 2209 698 2286 jussam
712 2208 863 2270 Phoebeis
876 2209 1007 2270 sortibus
1020 2207 1133 2269 urbem.

456 2311 474 2344 ὥ
614 2311 632 2342 {r
772 2311 790 2344 ὓ
930 2311 948 2344 ὓ
1088 2310 1106 2345 ὃ

355 2395 412 2455 Ille
426 2403 508 2454 metu
520 2411 640 2467 vacuus,
656 2395 778 2454 Nomen
791 2393 872 2469 mihi,
888 2393 970 2469 dixit,
986 2396 1126 2470 Acoetes,

355 2486 454 2547 Patria
468 2486 612 2547 Maeonia
624 2495 678 2560 est,
694 2486 797 2546 humili
811 2487 849 2548 de
863 2479 953 2564 plebe
966 2497 1111 2565 parentes

355 2582 427 2641 Non
441 2579 523 2654 mihi,
539 2598 617 2656 quae
631 2579 696 2640 duri
711 2581 851 2654 colerent,
866 2592 959 2658 pater,
975 2600 1044 2640 arva
1056 2578 1184 2656 juvenci,

355 2671 554 2750 Lanigerosve
568 2691 680 2750 greges,
696 2692 758 2737 non
772 2675 833 2734 ulla
847 2685 981 2734 armenta
993 2673 1129 2751 reliquit:

355 2766 472 2843 Pauper
484 2776 515 2826 et
528 2764 591 2842 ipse
606 2766 669 2839 fuit,
684 2765 805 2842 linoque
820 2767 937 2826 solebat
950 2777 981 2826 et
994 2765 1092 2825 hamis

354 2858 503 2936 Decipere
517 2870 548 2919 et
561 2859 678 2919 calamo
692 2858 832 2919 salientes
845 2859 953 2919 ducere
967 2857 1084 2935 pisces;

354 2955 413 3012 Ars
427 2952 469 3012 illi
484 2971 537 3012 sua
551 2964 659 3012 consus
672 2961 742 3012 erat
785 2953 888 3027 Quum
902 2953 1030 3013 traderet
1043 2962 1145 3026 artem,

355 3045 469 3122 Accipe
482 3064 557 3122 quas
571 3045 678 3119 habeo,
694 3044 784 3105 studii
798 3064 952 3106 successor
965 3057 995 3106 et
1008 3047 1103 3120 heres,

354 3137 447 3212 Dixit,
463 3148 551 3216 opes,
561 3138 750 3215 moriensque
764 3138 837 3198 mihi
851 3138 926 3198 nihil
939 3139 989 3198 ille
1002 3137 1121 3214 reliquit
1295 3167 1333 3207 „a

355 3234 477 3292 Praeter
489 3250 600 3309 aquas:
621 3250 714 3291 unum
728 3232 788 3293 hoc
800 3251 926 3308 possum
940 3233 1089 3308 appellare
1103 3242 1268 3308 paternum

254 3386 258 3392 ,
355 3326 431 3385 Mox
445 3343 510 3401 ego,
526 3344 564 3384 ne
579 3324 710 3401 scopulis
724 3325 875 3384 haererem
890 3343 1007 3402 semper
1019 3325 1051 3385 in
1064 3324 1170 3399 isdem,

353 3417 495 3479 Addidiei
508 3415 640 3494 regimen
654 3418 758 3478 dextra
772 3417 946 3478 moderante
960 3417 1078 3479 carinae

354 3511 497 3585 Flectere,
513 3521 544 3571 et
557 3509 685 3571 Oleniae
699 3510 782 3571 sidus
794 3510 923 3588 pluviale
938 3512 1081 3588 Capellae

353 3605 568 3682 Taygetenque
582 3603 769 3680 Hyadesque
782 3603 877 3664 oculis
889 3606 1065 3680 Arctonque
1078 3602 1189 3680 notavi,
1294 3630 1332 3671 aas

353 3698 579 3772 Ventorumque
593 3696 700 3756 domos
715 3707 745 3756 et
758 3707 862 3772 portus
876 3695 1026 3774 puppibus
1039 3708 1135 3773 aptos

355 3791 443 3850 Forte
456 3798 563 3866 petens
577 3789 687 3862 Delon,
703 3788 798 3849 Chiae
811 3790 923 3849 telluris
936 3790 976 3850 ad
989 3808 1056 3850 oras

355 3882 507 3959 Applicor,
523 3891 554 3943 et
565 3881 678 3942 dextris
692 3881 826 3943 adducor
838 3881 925 3943 litora
937 3882 1036 3957 remis,

355 3976 464 4052 Doque
477 3975 559 4037 leves
573 3975 664 4037 saltus
676 3974 814 4053 udaeque
827 3973 970 4038 immittet
982 3994 1099 4039 uenae
1206 4024 1209 4029 -
1318 4035 1321 4041 .
