3550 4859
454 552 513 612 ²⁴⁴
729 527 730 530 '
769 554 796 598 r.
814 554 948 597 vinoun
970 553 1112 597 nunonis

453 698 586 776 Adspice
600 700 786 777 Torquatum
799 708 830 758 et
843 699 1020 759 referentem
1035 699 1120 775 signa
1135 698 1301 758 Camillum.
1389 714 1431 764 αις

452 794 528 858 Illae
542 804 650 866 autem,
665 792 786 869 paribus
799 810 874 870 quas
887 793 998 868 fulgere
1013 791 1108 851 cernis
1123 790 1153 850 in
1168 791 1265 864 armis,

453 886 628 945 Concordes
641 886 758 946 animae
772 904 853 944 nunc
866 895 897 944 et
910 885 982 943 dum
995 894 1085 944 nocte
1099 894 1279 960 premuntur,

453 980 526 1038 Heu
541 988 684 1054 quantum
699 978 775 1038 inter
788 997 820 1038 se
835 972 956 1050 bellurn,
972 977 997 1037 si
1010 978 1123 1036 lumina
1136 978 1215 1037 vitae

453 1070 622 1148 Attigerint,
638 1082 765 1147 quantas
778 1069 859 1131 acies
873 1081 1061 1147 stragemque
1075 1070 1214 1130 ciebuntl

452 1164 619 1240 Aggeribus
633 1182 718 1223 socer
732 1163 849 1240 Alpinis
863 1175 953 1239 atque
968 1182 1035 1223 arce
1050 1162 1193 1223 Monoeci
1212 1218 1216 1226 ,
1394 1179 1434 1228 a„

453 1257 658 1330 Descendens,
673 1275 765 1334 gener
776 1257 910 1317 adversis
924 1256 1090 1316 instructus·
1099 1256 1177 1316 Eois

454 1351 511 1422 Ne,
526 1351 618 1426 pueri,
634 1369 672 1409 ne
687 1360 771 1410 tanta
783 1350 889 1410 animis
903 1349 1070 1409 adsuescite
1084 1350 1171 1423 bella,

454 1445 523 1502 Neu
537 1443 649 1519 patriae
663 1443 777 1502 validas
791 1442 822 1501 in
835 1444 949 1502 viscera
962 1443 1068 1503 vertite
1082 1442 1157 1502 vires
1169 1464 1178 1517 ;

452 1537 560 1612 Tuque
575 1536 661 1612 prior,
677 1547 710 1596 tu
724 1555 820 1613 parce,
834 1555 928 1613 genus
943 1536 994 1612 qui
1008 1535 1092 1595 ducis
1108 1536 1246 1614 Olympo,

453 1629 571 1705 Projice
586 1630 646 1688 tela
659 1649 758 1702 manu,
773 1630 895 1706 sanguis
909 1648 994 1689 meus
1005 1633 1062 1689 1-
1394 1645 1433 1695 aas

454 1723 511 1782 Ille
525 1722 705 1798 triumphata
718 1722 868 1799 Capitolia
881 1722 920 1781 ad
933 1722 994 1782 alta
1008 1722 1153 1783 Corintho

453 1815 558 1875 Victor
571 1825 639 1891 aget
652 1834 777 1889 currum,
793 1814 887 1876 caesis
901 1814 1024 1892 insignis
1039 1814 1169 1875 Achivis.

455 1910 546 1968 Eruet
560 1908 609 1968 ille
624 1912 721 1985 Argos
734 1908 1046 1986 Agamemnoniasque
1061 1911 1214 1986 Mycenas,

454 2004 619 2079 Ipsumque
634 2001 796 2075 Aeaciden,
811 2021 905 2079 genus
918 2001 1122 2079 armipotentis
1136 2000 1255 2075 Achilli,
1317 2046 1321 2053 .

454 2096 545 2156 Ultus
559 2114 631 2155 avos
646 2096 762 2173 Trojae,
775 2096 887 2172 templa
900 2106 931 2155 et
944 2093 1086 2155 temerata
1101 2094 1263 2155 Minervae.

455 2189 530 2263 Quis
545 2199 583 2261 te,
599 2207 705 2265 magne
721 2190 807 2262 Cato,
824 2188 953 2261 tacitum,
970 2199 1021 2248 aut
1035 2197 1073 2261 te,
1090 2190 1193 2261 Cosse,
1209 2187 1378 2263 relinquat?

455 2281 531 2355 Quis
545 2282 674 2341 Gracchi
687 2300 790 2358 genus,
805 2293 856 2342 aut
869 2282 1014 2358 geminos,
1031 2282 1090 2341 duo
1105 2280 1228 2339 fulmina
1241 2280 1321 2354 belli,

456 2374 621 2451 Scipiadas,
638 2375 754 2433 cladem
769 2374 890 2452 Libyae,
906 2393 1057 2451 parvoque
1071 2372 1226 2450 potentem
1390 2372 1393 2377 ’

455 2456 632 2540 Fabricium,
648 2469 695 2527 vel
710 2478 739 2527 te
754 2469 845 2540 sulco,
861 2470 993 2540 Serrane,
1009 2469 1177 2527 serentem?

455 2561 525 2635 Quo
539 2561 650 2620 fessum
665 2561 775 2638 rapitis,
792 2560 897 2621 Fabii?
918 2571 950 2621 tu
965 2561 1116 2620 Maximus
1129 2558 1179 2620 ille
1193 2578 1235 2633 es,
1396 2576 1435 2625 ⁸4⁵

456 2654 543 2713 Unus
558 2653 609 2729 qui
624 2654 711 2713 nobis
726 2655 896 2715 cunctando
911 2653 1039 2714 restituis
1054 2672 1125 2713 rem.

456 2747 613 2805 Excudent
627 2747 676 2805 alii
691 2747 834 2824 spirantia
846 2747 965 2807 mollius
980 2766 1056 2821 aera,

456 2839 555 2899 Credo
570 2840 718 2915 equidem,
732 2841 817 2901 vivos
832 2842 942 2901 ducent
956 2841 995 2900 de
1009 2858 1154 2900 marmore
1168 2840 1273 2913 vultus,

455 2927 592 2991 Orabunt
607 2952 726 2992 caussas
740 2934 854 3007 melius,
869 2934 1007 3010 coelique
1021 2944 1137 2993 meatus

455 3025 634 3085 Describent
648 3026 732 3087 radio
746 3037 776 3087 et
791 3028 940 3104 surgentia
953 3028 1052 3087 sidera
1065 3027 1185 3086 dicent:
1265 3070 1267 3073 -
1396 3041 1436 3090 rs·

455 3120 503 3177 Tu
516 3137 617 3196 regere
632 3119 757 3195 imperio
771 3121 908 3197 populos,
925 3123 1071 3194 Romane,
1088 3129 1258 3192 mement03
1288 3179 1289 3183 ,
1348 3180 1350 3183 ⁴

456 3213 526 3271 Hae
540 3211 594 3272 tibi
609 3223 695 3273 erunt
708 3223 805 3288 artes,
825 3214 968 3290 pacisque
982 3214 1135 3291 imponere
1149 3230 1271 3284 morem,

456 3308 581 3365 Parcere
596 3306 745 3385 subjectis,
761 3317 792 3367 et
805 3308 957 3369 debellare
971 3309 1124 3385 superbos.

496 3398 544 3458 Sic
558 3409 642 3475 pater
656 3400 811 3473 Anchises,
827 3410 918 3477 atque
932 3402 1007 3461 haec
1020 3400 1196 3460 mirantibus
1211 3397 1314 3459 addit:

455 3491 596 3568 Adspice,
612 3503 645 3551 ut
659 3492 781 3569 insignis
795 3493 898 3569 spoliis
913 3493 1073 3554 Marcellus
1088 3492 1196 3570 opimis
1297 3535 1299 3541 .
1397 3506 1437 3555 rsr

456 3585 632 3662 Ingreditur,
648 3585 801 3662 victorque
814 3585 893 3646 viros
907 3586 1106 3661 supereminet
1120 3588 1242 3645 omnesl

456 3679 518 3737 Hic
532 3698 593 3739 rern
610 3681 787 3752 Romanam,
803 3698 914 3757 magno
928 3680 1066 3738 turbante
1080 3679 1216 3751 tumultu,

455 3771 553 3844 Sistet,
569 3791 661 3848 eques
676 3783 787 3832 sternet
801 3775 921 3832 Poenos
936 3772 1115 3848 Gallumque
1123 3771 1280 3844 ¹rebellem,

455 3865 616 3947 Tertiaque
631 3884 713 3924 arma
726 3864 802 3942 patri
816 3865 979 3941 suspendet
992 3876 1080 3941 capta
1095 3864 1228 3939 Quirino.

457 3959 558 4032 Atque
572 3956 622 4017 hic
633 3959 773 4032 Aeneas;
791 3973 852 4016 una
865 3975 996 4034 namque
1010 3956 1052 4017 ire
1065 3956 1187 4017 videbat
1238 4004 1241 4008 .
1394 3969 1436 4009 aso
