3550 4859
683 567 841 611 smarnos
863 568 921 610 ΗΒ.
944 568 984 611 Vl.

345 714 488 793 Prospexi
503 692 621 774 Italiam
637 732 752 774 summa
766 712 900 774 sublimis
915 712 1056 774 abunda

345 809 492 869 Paulatim
508 808 657 867 adnabam
672 818 766 866 terrae
777 828 785 881 ;
796 829 798 835 ·
804 809 866 883 jam
881 818 945 867 tnta
958 808 1105 879 tenebam,

344 902 386 961 Ni
399 920 473 979 gens
488 899 617 960 crudelis
631 900 752 959 madida
766 919 834 959 cum
848 911 932 959 veste
946 910 1097 977 gravatum

344 997 598 1069 Prensantemque
613 992 698 1052 uncis
713 994 850 1052 manibus
864 993 964 1069 capita
977 1012 1081 1069 aspera
1096 992 1204 1053 montis
1286 1007 1323 1058 ³⁶⁰

343 1090 435 1148 Ferro
449 1086 612 1159 invasisset,
629 1086 828 1161 praedamque
843 1086 945 1163 ignara
958 1096 1098 1162 putasset.

343 1183 434 1241 Nunc
449 1200 496 1240 me
510 1180 618 1239 fluctus
632 1180 731 1252 habet,
747 1191 924 1255 versantque
938 1179 969 1238 in
984 1181 1069 1239 litore
1084 1178 1171 1239 venti.

343 1275 435 1349 Quod
449 1284 479 1333 te
493 1292 546 1350 per
560 1273 636 1332 coeli
648 1273 813 1348 jucundum
827 1274 928 1332 lumen
943 1284 973 1332 et
987 1292 1080 1345 auras,

345 1369 403 1427 Per
415 1366 579 1444 genitorem
594 1383 655 1439 oro,
671 1386 725 1442 per
738 1386 808 1443 spes
823 1366 967 1442 surgentis
982 1366 1048 1438 Iuli,

345 1460 433 1537 Eripe
448 1479 496 1519 me
510 1459 565 1532 his,
581 1458 698 1532 invicte,
714 1459 817 1518 malis:
839 1470 890 1518 aut
903 1469 935 1518 tu
950 1458 1022 1516 mihi
1036 1469 1143 1518 terram

344 1553 448 1629 Injice,
464 1571 594 1629 namque
608 1562 703 1628 potes,
720 1564 882 1629 portusque
897 1551 1011 1628 require
1026 1552 1171 1626 Velinos;

343 1649 405 1706 Aut
418 1656 459 1719 tu,
475 1644 500 1705 si
514 1665 573 1721 qua
587 1645 635 1703 via
648 1656 701 1718 est,
718 1644 742 1720 si
757 1665 846 1721 quam
861 1644 916 1704 tibi
931 1645 1000 1705 diva
1014 1644 1138 1704 creatrix

344 1738 638 1814 Ostendit-neque
653 1737 741 1812 enim,
757 1740 855 1812 credo,
872 1737 936 1798 sine
951 1739 1073 1797 numine
1088 1738 1190 1796 divum

344 1832 482 1891 Flumina
495 1842 578 1891 tanta
591 1850 676 1908 paras
691 1832 880 1909 Stygiamque
895 1830 997 1890 innare
1012 1831 1151 1907 paludem
1161 1865 1202 1873 -

344 1927 394 1984 Da
408 1926 541 1985 dextram
556 1924 671 1998 misem,
688 1936 718 1984 et
732 1936 830 1985 tecum
846 1944 894 1983 me
910 1926 980 1984 tolle
995 1944 1048 2000 per
1061 1925 1165 1997 undas,

344 2018 470 2079 Sedibus
484 2028 518 2077 ut
531 2019 636 2077 saltem
649 2017 774 2094 placidis
789 2017 818 2076 in
834 2030 929 2077 morte
945 2017 1103 2093 quiescam.

344 2112 432 2171 Talia
445 2111 522 2170 satus
536 2121 606 2183 erat,
622 2111 722 2186 coepit
736 2130 828 2187 quum
843 2111 913 2171 talia
926 2122 1026 2171 vates:

346 2205 438 2265 Unde
452 2205 535 2277 haec,
551 2224 570 2263 o
585 2204 731 2277 Palinure,
748 2204 801 2264 tibi
816 2216 877 2264 tam
893 2205 956 2264 dira
969 2203 1099 2280 cupido?

342 2300 392 2357 Tu
407 2297 521 2377 Stygias
535 2297 705 2357 inhumatus
719 2317 811 2373 aquas
827 2316 1005 2373 amnemque
1020 2316 1153 2356 severum

344 2391 545 2451 Eumenidum
560 2389 715 2466 adspicies,
731 2390 861 2466 ripamve
876 2390 1005 2466 injussus
1019 2389 1135 2450 adibis?

343 2485 457 2544 Desine
471 2484 532 2543 sata
545 2484 635 2542 deum
649 2482 728 2542 flecti
743 2502 860 2559 sperare
874 2483 1032 2559 precando.

343 2578 404 2638 Sed
418 2596 493 2654 cape
508 2576 588 2635 dicta
602 2594 724 2649 memor,
740 2576 805 2635 duri
820 2577 925 2636 solatia
938 2595 1031 2636 casus.

343 2672 424 2730 Nam
438 2681 491 2729 tua
503 2668 627 2742 finitimi,
643 2670 731 2746 longe
746 2670 864 2746 lateque
878 2689 932 2746 per
944 2671 1033 2729 urbes

344 2762 490 2840 Prodigiis
505 2762 563 2822 acti
577 2762 762 2836 coelestibus,
779 2783 847 2823 ossa
860 2765 993 2840 piabunt,

345 2858 384 2916 Et
398 2867 528 2917 statuent
541 2857 694 2928 tumulum,
710 2866 740 2915 et
754 2858 868 2916 tumulo
883 2856 1039 2917 sollemnia
1052 2857 1178 2932 mittent,

345 2953 566 3025 Aeternumque
581 2949 664 3007 locus
679 2949 809 3008 Palinuri
822 2969 934 3010 nomen
948 2952 1078 3012 habebit

345 3043 406 3102 His
420 3042 507 3102 dictis
521 3061 609 3101 curae
624 3053 748 3115 emotae,
765 3044 926 3120 pulsusque
941 3064 1099 3121 parumper

345 3136 445 3197 Corde
460 3136 547 3195 dolor
561 3134 653 3210 tristi;
673 3136 783 3212 gaudet
798 3138 978 3213 cognomine
993 3149 1078 3198 terra

386 3230 465 3304 Ergo
479 3227 534 3287 iter
547 3226 698 3305 inceptum
713 3241 857 3307 peragunt
872 3231 1022 3307 fluvioque
1037 3229 1244 3307 propinquant.

344 3321 454 3381 Navita
469 3340 544 3398 quos
557 3323 619 3398 jam
633 3321 703 3381 inde
717 3334 751 3382 ut
767 3325 868 3403 Stygia
882 3324 1035 3401 prospexit
1049 3326 1087 3383 ab
1101 3324 1184 3383 unda
1284 3339 1320 3389 ,ες

344 3416 402 3475 Per
415 3414 536 3475 tacitum
550 3434 656 3473 nemus
670 3414 711 3475 ire
726 3418 894 3493 pedemque
910 3418 1061 3476 advertere
1075 3416 1165 3493 ripae,

344 3508 395 3578 Sic
408 3508 488 3585 prior
502 3509 669 3584 aggreditur
682 3510 777 3583 dictis,
794 3521 883 3586 atque
898 3510 1032 3586 increpat
1044 3510 1140 3570 ultro:

343 3600 486 3676 Quisquis
501 3621 541 3675 es,
558 3613 687 3662 armatus
701 3603 752 3679 qui
767 3614 869 3663 nostra
883 3604 921 3662 ad
935 3602 1059 3661 flumina
1073 3602 1179 3675 tendis,

331 3695 417 3753 Fare
431 3713 495 3771 age,
511 3694 583 3771 quid
598 3696 707 3769 venias,
723 3698 784 3771 jam
799 3683 895 3768 istinc,
911 3706 941 3755 et
955 3694 1116 3772 comprime
1130 3713 1270 3773 gressum.

342 3789 524 3847 Umbrarum
540 3788 588 3847 hic
603 3789 687 3847 locus
702 3800 755 3862 est,
771 3789 874 3848 Somni
890 3788 1056 3864 Noctisque
1072 3807 1217 3865 soporae,
1285 3817 1322 3854 rm

340 3882 478 3958 Corpora
492 3881 560 3940 viva
573 3881 657 3940 nefas
672 3881 771 3958 Stygia
785 3892 902 3941 vectare
916 3881 1022 3941 carina

341 3975 410 4034 Nec
423 3992 494 4034 vero
509 3973 636 4034 Alciden
651 3993 699 4033 me
714 3993 779 4034 sum
795 3975 919 4034 laetatus
933 3984 1052 4034 euntem
