3550 4859
756 595 915 648 antemos
935 591 1037 648 man

405 748 475 823 Jam
488 748 606 807 coelum
620 756 787 824 terramque
800 763 870 809 men
883 746 949 810 sine
961 748 1093 823 numine,
1108 748 1217 825 Venti,

407 840 546 913 Miscere,
562 850 593 899 et
606 849 704 899 tantas
718 841 834 901 audetis
848 841 955 902 tollere
968 842 1084 902 moles?

406 932 492 1007 Quos
506 952 564 1011 ego
574 936 633 992 -!
666 933 727 992 Sed
741 943 840 993 motos
853 943 986 1011 praestat
998 953 1180 1012 componere
1193 935 1308 997 fluctus.
1350 965 1386 1006 1³⁵

406 1027 481 1086 Post
494 1026 567 1085 mihi
582 1045 643 1085 non
658 1025 746 1085 simili
761 1044 861 1110 poena
875 1026 1036 1088 commissa
1049 1028 1143 1087 luetis

405 1120 558 1179 Maturate
572 1120 681 1197 sugam,
697 1119 820 1197 regique
834 1120 909 1180 haec
923 1119 1015 1179 dlcite
1027 1128 1145 1181 vestro:

405 1213 436 1269 N
438 1231 478 1271 on
492 1211 536 1271 illi
550 1211 709 1289 imperium
723 1211 823 1291 pelagi
837 1229 1019 1290 saevumque
1032 1214 1201 1288 tridentem,

404 1304 466 1364 Sed
479 1305 553 1364 mihi
567 1314 648 1364 sorte
662 1305 773 1365 datum
817 1307 916 1365 Tenet
930 1306 980 1365 ille
994 1306 1135 1365 immania
1148 1325 1228 1382 saxa,
1255 1335 1258 1342 ·
1414 1366 1417 1371 .

403 1397 540 1473 Vestras,
556 1399 643 1472 Eure,
659 1398 784 1471 domos3
804 1398 857 1457 illa
869 1416 904 1458 se
922 1400 1016 1475 jactet
1027 1398 1059 1457 in
1074 1399 1142 1459 aula
1350 1427 1387 1464 ιω

405 1489 530 1564 Aeolus,
545 1500 577 1551 et
590 1490 693 1551 clauso
705 1500 863 1550 ventorum
877 1507 995 1551 carcere
1008 1501 1119 1570 regnet.

447 1584 496 1643 Sic
510 1584 559 1658 ait,
575 1594 605 1643 et
619 1584 701 1644 dicto
714 1584 802 1644 citius
816 1584 931 1643 tumida
944 1595 1075 1660 aequora
1087 1585 1195 1661 placat,

405 1675 618 1753 Collectasque
631 1677 714 1755 lugat
727 1677 825 1736 nubes
838 1677 993 1753 solemque
1007 1677 1129 1738 reducit.

404 1770 574 1847 Cymothoe
588 1768 674 1828 simul
687 1778 719 1829 et
732 1769 837 1828 Triton
853 1769 980 1829 adnixus
994 1778 1082 1829 acuto
1421 1828 1424 1834 .

407 1860 581 1921 Detrudunt
594 1879 688 1921 naves
702 1861 826 1939 scopulo
838 1883 847 1937 ;
867 1862 947 1921 levat
960 1862 1025 1939 ipse
1038 1861 1160 1922 tridenti
1170 1885 1179 1937 ;
1348 1889 1392 1935 ¹4⁵,

405 1954 444 2012 Et
457 1964 558 2014 vastas
572 1954 667 2031 aperit
682 1956 792 2033 Syrtes,
808 1963 839 2014 et
853 1963 1000 2031 temperat
1014 1971 1133 2032 aequor,

403 2048 505 2123 Atque
519 2046 593 2107 rotis
608 2065 738 2107 summas
752 2047 868 2107 levibus
881 2047 1045 2125 perlabitur
1058 2049 1162 2108 undas.

403 2141 450 2199 Ac
463 2140 556 2200 veluti
570 2159 679 2219 magno
694 2141 724 2199 ln
738 2141 852 2218 populo
866 2159 957 2217 quum
972 2159 1063 2217 saepe
1077 2149 1179 2201 coorta
1193 2149 1239 2201 est

405 2234 529 2308 Seditio,
545 2234 698 2309 saevitque
713 2233 820 2293 animis
834 2232 967 2312 ignobile
980 2234 1095 2311 vulgus,

401 2328 529 2404 Jamque
544 2327 625 2386 laces
639 2335 670 2386 et
683 2345 755 2386 saxa
768 2327 919 2387 volant-
927 2327 1008 2387 furor
1021 2345 1103 2386 arma
1116 2325 1314 2386 ministrat—
1347 2351 1384 2391 ιφ

404 2421 494 2493 Tum,
509 2420 620 2496 pietate
633 2437 752 2497 gravem
767 2438 803 2478 ac
817 2418 933 2479 meritis
947 2418 972 2479 si
986 2419 1064 2478 mrte
1076 2420 1172 2479 virum
1187 2435 1276 2495 quem

402 2513 604 2591 Conspexere,
620 2513 711 2571 silent
724 2502 906 2589 arrectisque
919 2512 1038 2572 auribus
1052 2512 1191 2586 adstant3

400 2607 461 2666 Ille
475 2606 552 2685 regit
566 2604 652 2666 dictis
665 2604 790 2680 animos,
807 2614 837 2665 et
850 2616 973 2683 pectora
986 2607 1096 2665 mulcet
1110 2627 1116 2664 :

399 2700 451 2760 Sic
464 2709 589 2759 cunctus
602 2698 701 2777 pelagi
716 2697 825 2758 cecidit
838 2700 945 2777 fragor,
960 2717 1090 2776 aequora
1103 2705 1263 2775 postquam

399 2792 594 2869 Prospiciens
607 2791 725 2870 genitor
737 2784 883 2868 coeloque
898 2792 1033 2851 invectus
1047 2799 1150 2868 aperto
1346 2813 1382 2857 ις,

399 2884 511 2945 Flectit
524 2904 619 2962 equos
632 2902 780 2962 curruque
794 2885 900 2944 volans
914 2885 966 2944 dat
980 2885 1042 2944 lora
1056 2883 1199 2944 secundo.
1354 2887 1360 2898 “

443 2979 563 3038 Defessi
578 2978 748 3051 Aeneadae,
765 2993 841 3053 quae
854 2978 990 3054 proxima
1004 2977 1098 3051 litora,
1114 2995 1203 3036 cursu

399 3072 600 3132 Contendunt
612 3079 723 3148 petere,
732 3064 770 3130 ⁴et
785 3070 897 3149 Libyae
911 3079 1066 3129 vertuntur
1079 3070 1117 3129 ad
1132 3089 1208 3130 oras.

398 3165 458 3223 Est
472 3165 503 3223 in
518 3182 640 3224 secessu
653 3164 743 3240 longo
757 3164 860 3222 locus:
880 3164 978 3223 insula
991 3172 1109 3240 portum

398 3257 502 3317 Efficit
516 3258 637 3334 objectu
651 3256 785 3329 laterum,
800 3256 910 3332 quibus
924 3256 1022 3316 omnis
1037 3256 1075 3315 ab
1090 3256 1151 3315 alto

398 3350 560 3427 Frangitur
575 3350 665 3426 inque
680 3349 763 3408 sinus
778 3348 887 3409 scindit
901 3358 968 3409 sese
980 3350 1062 3408 unda
1075 3349 1215 3409 reductos
1227 3368 1237 3423 3

398 3441 487 3500 Hinc
500 3450 590 3518 atque
604 3441 675 3501 hine
685 3449 788 3500 vastae
801 3458 892 3519 mpes
905 3441 1076 3520 geminique
1089 3440 1241 3501 minantur

397 3537 440 3593 In
454 3535 572 3595 coelum
585 3534 710 3611 scopuli,
727 3551 853 3610 quorum
867 3535 926 3593 sub
938 3534 1049 3595 vertice
1063 3535 1122 3594 late

397 3628 543 3703 Aequora
556 3637 620 3687 tuta
633 3626 742 3701 silent3
762 3638 825 3687 trun
840 3626 924 3686 silvis
936 3645 1027 3687 scena
1040 3625 1173 3687 coruscis

397 3721 541 3796 Desuper
553 3719 745 3794 horrentique
759 3728 854 3779 atrum
868 3730 975 3778 nemus
989 3718 1123 3779 imminet
1135 3720 1241 3779 umbra
1252 3739 1263 3795 3
1345 3733 1382 3785 τις

398 3812 514 3871 Fronte
528 3812 586 3872 sub
599 3812 723 3871 adversa
738 3810 871 3888 scopulis
883 3811 1085 3889 pendentibus
1100 3822 1226 3887 antrum,

396 3906 488 3964 Intus
503 3923 599 3981 aquae
612 3906 716 3965 dulces
730 3904 859 3981 vivoque
873 3903 980 3965 sedilia
993 3923 1074 3978 saxo,

395 3998 606 4078 Nympharum
620 3997 727 4059 domus
739 4020 746 4058 ι
765 3998 815 4058 hie
828 3997 924 4058 fessas
932 4009 1000 4058 non
1010 3998 1131 4059 vincula
1143 4015 1236 4059 mres
