3550 4859
402 570 457 623 104
716 567 742 609 P.
761 568 895 611 VIRGlLll
918 568 1060 612 MARONlS

399 713 479 770 Rara
493 709 531 771 sit
545 729 582 769 an
598 731 686 789 supra
699 731 813 772 morem
827 711 852 772 si
867 713 961 772 densa
975 712 1113 789 requires,

398 806 502 863 Altera
515 804 668 864 frumentis
683 806 825 880 quoniam
839 805 927 878 favet,
943 806 1035 865 altera
1049 806 1178 880 Baccho,

399 898 502 966 Densa
516 897 609 973 magis
625 896 734 970 Cereri,
750 897 897 957 rarissima
911 916 1047 973 quaeque
1062 900 1185 975 Lyae03

377 989 382 995 '
397 993 477 1049 Ante
491 990 590 1049 locum
605 988 706 1066 capies
720 990 822 1064 oculis,
838 992 957 1067 alteque
968 989 1087 1069 jubebis

398 1086 436 1141 In
451 1083 547 1141 solido
562 1093 685 1159 puteum
699 1082 824 1156 demitti,
840 1103 1019 1160 omnemque
1033 1103 1160 1160 repones

397 1178 511 1234 Rursus
526 1176 658 1248 humum,
674 1186 704 1235 et
718 1176 846 1252 pedibus
860 1195 990 1235 summas
1004 1176 1146 1252 aequabis
1161 1195 1275 1238 arenas.

399 1269 430 1327 Si
445 1269 578 1343 deerunt,
595 1288 700 1342 rarum,
716 1269 876 1346 pecorique
891 1280 921 1329 et
935 1268 1044 1329 vitibus
1058 1268 1144 1328 almis

396 1362 506 1438 Aptius
522 1364 596 1421 uber
609 1361 663 1421 erit
675 1385 683 1436 3
704 1363 751 1422 sin
765 1362 794 1421 in
811 1381 864 1422 sua
878 1382 967 1440 posse
981 1364 1132 1439 negabunt

398 1457 445 1515 Ire
460 1454 528 1513 loca
542 1466 572 1514 et
586 1455 740 1515 scrobibus
755 1455 905 1533 superabit
920 1466 995 1515 terra
1008 1454 1136 1531 repletis,

399 1547 517 1625 Spissus
532 1568 620 1625 ager;
639 1550 760 1625 glaebas
775 1561 948 1609 cunctantes
963 1568 1119 1625 crassaque
1134 1559 1217 1625 terga

399 1643 555 1718 Exspecta,
572 1652 601 1700 et
616 1641 721 1700 validis
735 1653 841 1701 terram
856 1641 1013 1719 proscinde
1025 1640 1168 1717 juvencis.

399 1735 484 1793 Salsa
498 1746 597 1793 autem
612 1728 698 1794 tellus
713 1745 743 1794 et
757 1755 833 1811 quae
848 1736 1018 1812 perhibetur
1032 1754 1179 1794 amara—

398 1826 543 1904 Frugibus
558 1826 659 1887 infelix
673 1847 717 1902 ea,
733 1848 789 1887 nec
804 1827 984 1888 mansuescit
998 1828 1119 1901 arand0,

398 1922 465 1979 Nec
481 1921 600 1995 Baccho
614 1940 717 1997 genus,
733 1932 784 1981 aut
798 1920 895 1998 pomis
910 1939 962 1980 sua
976 1920 1099 1981 nomina
1112 1931 1209 1981 servat
1218 1955 1259 1964 —

397 2013 471 2072 Tale
487 2013 570 2098 dabit
585 2014 754 2089 specimen:
775 2024 807 2074 tu
821 2014 918 2091 spisso
932 2013 1041 2073 vimine
1056 2014 1170 2090 qualos,

398 2107 534 2182 Colaque
548 2107 698 2184 prelorum
712 2106 836 2167 fumosis
850 2106 952 2184 deripe
966 2105 1051 2190 ¹tectis
1062 2128 1071 2179 ;

399 2201 470 2259 Huc
486 2218 555 2276 ager
569 2200 617 2259 ille
632 2201 728 2260 malus
743 2202 906 2277 dulcesque
920 2220 939 2259 a
953 2200 1083 2259 fontibus
1097 2201 1196 2260 undae

398 2293 448 2352 Ad
463 2294 586 2369 plenum
600 2294 769 2368 calcentur;
789 2313 868 2370 aqua
881 2293 1058 2353 eluctabitur
1071 2293 1168 2352 omnis
1208 2355 1211 2361 ,

398 2385 526 2459 Scilicet,
543 2397 573 2446 et
586 2387 712 2462 grandes
727 2386 813 2446 ibunt
828 2406 882 2463 per
895 2386 1006 2446 vimina
1018 2396 1139 2463 guttae3

398 2482 439 2538 At
454 2498 542 2556 sapor
555 2478 698 2539 indicium
712 2480 801 2540 faciet
814 2480 995 2554 manifestus,
1012 2490 1042 2539 et
1055 2499 1109 2539 ora

397 2571 506 2632 Tristia
520 2584 686 2633 tentantum
701 2593 790 2634 sensu
805 2573 955 2650 torquebit
970 2592 1078 2633 amaro.

398 2664 519 2741 Pinguis
533 2665 603 2726 item
619 2686 695 2743 quae
711 2667 749 2727 sit
763 2668 857 2741 tellus,
873 2667 932 2727 hoc
947 2667 1076 2744 denique
1091 2676 1181 2743 pacto

398 2758 567 2818 Discimus:
588 2760 668 2820 haud
682 2780 824 2838 umquam
839 2760 976 2820 manibus
988 2761 1098 2839 jactata
1112 2759 1230 2833 fatiscit,

398 2852 458 2911 Sed
472 2851 547 2929 picis
561 2853 593 2911 in
607 2872 722 2913 morem
736 2854 774 2913 ad
790 2854 898 2930 digitos
913 2853 1050 2913 lentescit
1064 2853 1212 2912 habendo.

398 2944 534 3004 Humida
547 2948 676 3023 majores
691 2948 797 3007 herbas
812 2946 872 3021 alit,
888 2946 1012 3024 ipsaque
1024 2947 1107 3023 justo

341 3060 345 3068 ·
398 3037 524 3096 Laetior.
568 3039 618 3098 Ah
633 3038 755 3098 nimium
771 3059 809 3099 ne
824 3040 862 3099 sit
876 3038 948 3097 mihi
962 3039 1063 3099 fertilis
1077 3039 1136 3113 illa,

398 3131 465 3189 Neu
481 3149 513 3190 se
527 3132 727 3208 praevalidam
742 3131 843 3210 primis
857 3133 996 3192 ostendat
1009 3132 1122 3192 aristis!

396 3223 483 3297 Quae
497 3225 594 3301 gravis
608 3238 663 3302 est,
679 3227 746 3304 ipso
760 3225 927 3287 tacitam‘se
942 3226 1074 3303 pondere
1088 3224 1196 3303 prodit,

396 3316 542 3394 Quaeque
551 3320 632 3380 levis.
664 3323 837 3398 Promptum
847 3330 894 3379 est
903 3318 997 3379 oculis
1005 3318 1189 3396 praediscere
1198 3319 1322 3395 nigram,
1339 3348 1378 3388 ις,

397 3412 436 3468 Et
450 3410 517 3487 quis
532 3413 578 3472 cui
592 3415 683 3473 color.
729 3416 769 3494 At
783 3414 959 3472 sceleratum
974 3412 1125 3488 exquirere
1140 3412 1231 3490 frigus

398 3501 526 3563 Difficile
541 3516 604 3565 est:
625 3506 728 3582 piceae
743 3516 857 3565 tantum
871 3505 991 3583 taxique
1005 3516 1148 3566 nocentes

397 3595 552 3655 Interdum
566 3608 617 3657 aut
631 3599 759 3657 hederae
773 3599 910 3675 pandunt
923 3599 1048 3677 vestigia
1061 3598 1168 3675 nigrae.

437 3687 497 3747 His
512 3690 734 3763 animadversis,
750 3702 856 3751 terram
871 3694 966 3752 multo
980 3702 1049 3751 ante
1063 3702 1216 3752 memento

398 3780 572 3858 Excoquere
587 3793 617 3843 et
631 3804 754 3861 magnos
769 3784 925 3844 scrobibus
940 3784 1098 3845 concidere
1113 3794 1241 3857 montes,
1338 3801 1376 3839 ιω

396 3869 482 3933 Ante
497 3875 649 3952 supinatas
664 3875 796 3962 aquiloni
810 3877 968 3938 ostendere
982 3878 1113 3955 glaebas,

397 3968 497 4043 Quam
510 3967 621 4028 netum
634 3967 762 4030 infodias
775 3967 842 4029 vitis
855 3988 959 4047 genus.
1002 3970 1126 4050 Optima
1140 3968 1218 4047 putri
