3550 4859
683 580 866 626 ommtcou
886 580 946 625 em
964 581 985 625 1.

346 728 503 803 Paulatim,
520 737 550 788 et
564 725 654 788 sulcis
668 726 807 788 frumenti
821 736 977 805 quaereret
988 724 1122 801 herbam,

345 824 392 884 Ut
406 821 495 882 silicis
509 819 593 882 venis
605 822 773 881 abstrusum
788 821 948 881 excuderet
961 820 1069 897 ignem

344 917 434 976 Tunc
448 916 534 975 alnos
547 912 675 991 primum
688 912 771 974 fluvii
786 932 904 973 sensere
918 923 1057 987 cavatas3

343 1007 457 1069 Navita
471 1018 534 1067 turn
549 1006 642 1067 stellis
656 1025 796 1067 numeros
811 1017 842 1067 et
857 1006 981 1067 nomina
994 1005 1073 1081 fecit,

343 1101 493 1176 Pleiadas,
510 1101 643 1178 Hyadas,
659 1101 828 1177 claramque
843 1099 992 1178 Lycaonis
1007 1103 1143 1177 Arct0n3
1230 1143 1232 1149 -

342 1195 425 1254 Tum
439 1192 554 1271 laqueis
581 1203 700 1270 captare
714 1193 799 1266 feras,
815 1204 846 1254 et
859 1194 961 1255 fallere
974 1193 1058 1254 visco

343 1290 518 1361 Inventum,
533 1295 563 1346 et
576 1304 701 1364 magnos
715 1286 839 1347 canibus
853 1287 1036 1347 circumdare
1051 1287 1150 1347 saltus.

344 1383 449 1458 Atque
463 1379 537 1440 alius
551 1380 644 1440 latum
658 1379 750 1439 sunda
761 1381 825 1457 jam
838 1381 973 1441 verberat
987 1398 1116 1454 amnem,

296 1495 300 1505 ·
344 1475 420 1533 Alta
432 1482 547 1550 petens,
563 1474 729 1550 pelagoque
743 1471 817 1531 alius
831 1472 920 1532 trahit
934 1472 1057 1532 humida
1070 1472 1140 1532 lina.

343 1567 426 1626 Tum
439 1565 507 1625 ferri
520 1565 598 1643 rigor
611 1576 701 1642 atque
715 1575 835 1642 argutae
849 1564 960 1624 lamina
974 1584 1079 1639 serrae,
1089 1599 1130 1610 —

347 1661 428 1719 Nam
442 1658 530 1737 primi
544 1658 646 1719 cuneis
660 1658 836 1719 scindebant
850 1659 942 1719 fissile
956 1658 1120 1737 lignum-

345 1754 427 1811 Tum
440 1751 538 1812 variae
552 1770 660 1812 venere
674 1762 760 1812 artes.
803 1752 904 1811 Labor
917 1751 1019 1812 omnia
1031 1750 1103 1812 vicit

346 1845 498 1922 Inprobus
513 1854 543 1905 et
556 1843 637 1905 duris
650 1863 779 1922 urguens
793 1844 823 1903 in
839 1846 928 1905 rebus
942 1854 1066 1922 egestas.

347 1937 449 1998 Prima
463 1939 555 1998 Ceres
567 1938 645 1997 ferro
659 1938 801 1998 mortales
815 1948 928 1998 vertere
943 1949 1049 1998 terram

346 2030 490 2105 Instituit,
506 2049 597 2107 quum
609 2031 672 2108 jam
686 2030 810 2107 glandes
824 2041 915 2107 atque
929 2032 1034 2091 arbuta
1046 2049 1148 2092 sacrae

346 2125 520 2184 Deficerent
534 2122 625 2183 silvae
639 2134 670 2184 et
683 2123 795 2183 victum
810 2125 942 2184 Dodona
955 2136 1083 2202 negaret

346 2218 426 2277 Mox
440 2225 470 2277 et
483 2215 637 2275 frumentis
651 2216 735 2277 labor
749 2216 877 2291 additus,
893 2226 926 2277 ut
939 2218 1019 2277 mala
1032 2218 1147 2278 culmos

346 2311 439 2370 Esset
451 2307 556 2387 robigo
569 2308 727 2387 segnisque
741 2310 874 2371 horreret
887 2309 918 2369 in
933 2311 1010 2371 arvis

345 2402 506 2478 Carduus3
526 2401 674 2463 intereunt
688 2413 811 2479 segetes,
827 2403 906 2464 subit
920 2423 1025 2481 aspera
1038 2404 1120 2479 silva,

345 2497 533 2573 Lappaeque
547 2495 714 2574 tribulique,
729 2496 865 2574 interque
878 2497 1003 2558 nitentia
1017 2499 1098 2558 culta

345 2589 459 2649 Infelix
472 2588 574 2648 lolium
589 2599 619 2649 et
633 2589 745 2650 steriles
759 2589 950 2650 dominantur
963 2610 1083 2652 avenae.

346 2682 443 2757 Quod
456 2681 512 2742 nisi
527 2692 557 2742 et
571 2682 696 2743 assiduis
709 2683 833 2743 herbam
847 2683 1032 2746 insectabere
1046 2684 1155 2759 rastris,

346 2776 391 2834 Et
404 2774 505 2835 sonitu
518 2774 641 2835 terrebis
655 2794 733 2850 aves,
749 2786 779 2837 et
792 2775 865 2835 ruris
879 2777 966 2854 opaci

347 2867 441 2927 Falce
455 2887 573 2945 premes
587 2868 730 2943 umbram,
745 2868 881 2945 votisque
895 2869 1049 2931 vocaveris
1062 2870 1196 2945 imbrem,

346 2962 433 3033 Heu,
447 2979 587 3038 magnum
602 2962 722 3021 alterius
736 2962 842 3022 frustra
856 2963 1005 3040 spectabis
1019 2983 1166 3038 acervum,

347 3054 565 3130 Concussaque
579 3054 678 3114 famen
692 3054 724 3113 in
738 3053 819 3115 silvis
834 3057 969 3117 solabere
983 3075 1101 3133 quercu.

392 3144 561 3206 Dicendum
575 3157 613 3221 et,
629 3165 707 3223 quae
721 3147 780 3208 sint
793 3148 874 3208 duris
887 3149 1052 3226 agrestibus
1065 3168 1156 3225 arma,
1293 3167 1329 3208 ιω

348 3238 428 3314 Quis
442 3237 504 3298 sine
518 3257 575 3299 nec
588 3249 712 3317 potuere
726 3241 783 3300 seri
797 3261 854 3302 nec
868 3261 985 3319 surgere
1000 3261 1131 3304 messes:

346 3330 458 3391 Vomis
472 3341 502 3392 et
515 3331 614 3392 inflexi
628 3333 755 3410 primum
769 3353 857 3411 grave
871 3336 962 3395 robur
975 3336 1070 3409 aratri,

347 3425 510 3502 Tardaque
524 3425 683 3487 Eleusinae
697 3428 800 3487 matris
814 3427 965 3488 volventia
979 3429 1118 3505 plaustra,

347 3516 541 3595 Tribulaque,
556 3520 743 3597 traheaeque,
759 3531 790 3581 et
802 3520 907 3597 iniquo
920 3521 1053 3599 pondere
1067 3520 1152 3583 rastri
1163 3544 1172 3597 3

347 3609 460 3688 Virgea
472 3621 624 3688 praeterea
638 3613 723 3673 Celei
737 3613 863 3690 vilisque
878 3615 1018 3691 supellex,
1292 3634 1329 3683 εις

348 3704 502 3764 Arbuteae
516 3717 612 3765 crates
626 3715 657 3765 et
670 3706 797 3783 mystica
809 3726 926 3768 vannus
941 3707 1051 3768 Iacchi.

349 3795 464 3858 Omnia
477 3816 553 3874 quae
567 3798 661 3858 multo
676 3810 745 3858 ante
758 3818 874 3859 memor
886 3800 1005 3877 provisa
1018 3819 1154 3879 repones,

348 3889 383 3949 Si
398 3899 428 3949 te
442 3889 533 3967 digna
546 3901 647 3950 manet
660 3890 753 3950 divini
766 3890 860 3969 gloria
872 3892 953 3953 ruris

347 3982 505 4044 Continuo
518 3983 550 4042 in
564 3982 648 4046 silvis
658 4002 767 4062 magna
779 3984 809 4045 vi
821 3985 901 4046 flexa
915 3985 1053 4048 domatur
