3550 4859
399 571 454 630 118
713 584 740 628 r.
761 583 1057 628 vinctus-moun

396 732 469 791 Ulla
482 740 594 805 tenent,
609 748 687 790 unco
702 740 763 790 n'on
776 730 878 807 alligat
889 748 1000 789 ancora
1012 747 1120 789 morsu.

397 826 469 883 Huc
483 833 597 900 septem
612 825 731 882 Aeneas
744 821 879 883 collectis
893 822 1018 882 navibus
1032 820 1115 882 omni
1279 856 1285 865 ·
1332 839 1381 889 'm

397 918 443 975 Ex
457 935 581 977 numero
594 916 674 976 subit
686 938 695 991 3
715 936 751 976 ac
764 935 874 994 magno
887 914 1001 976 telluris
1014 933 1116 975 amore
1195 984 1197 988 ¹

397 1010 518 1087 Egressi
531 1019 634 1085 optata
647 1009 802 1085 potiuntur
814 1011 912 1068 Troes
925 1027 1016 1068 arena

397 1103 437 1161 Et
450 1102 512 1161 sale
527 1102 665 1161 tabentes
678 1111 760 1161 artus
774 1102 805 1160 in
820 1101 906 1162 litore
920 1110 1045 1177 ponunt

397 1197 444 1254 Ac
458 1193 584 1271 primum
599 1194 674 1254 silici
688 1194 849 1254 scintillam
863 1194 983 1254 excudit
997 1195 1129 1255 Achates

360 1346 363 1351 ,
397 1287 595 1363 succepitque
609 1287 709 1365 ignem
723 1286 801 1346 foliis
814 1297 905 1363 atque
918 1286 1002 1346 arida
1014 1287 1126 1346 circum
1341 1314 1382 1353 ης

398 1380 587 1440 Nutrimenta
601 1379 686 1438 dedit
698 1379 855 1456 rapuitque
869 1380 901 1438 in
915 1380 1019 1439 fomite
1032 1380 1191 1438 flammam.

396 1474 476 1532 Turn
491 1475 630 1533 Cererem
645 1482 814 1549 corruptam
827 1473 917 1532 undis
931 1472 1126 1548 Cerealiaque
1140 1489 1222 1532 arma

398 1565 569 1643 Expediunt
583 1564 654 1623 sessi
667 1583 773 1639 rerum,
789 1565 947 1643 frugesque
960 1575 1095 1642 receptas

392 1658 438 1716 Et
452 1666 563 1715 torrere
577 1666 684 1732 parant
697 1654 825 1715 flammis
838 1664 870 1715 et
882 1656 1017 1733 frangere
1032 1674 1114 1715 saxo.

439 1750 561 1808 Aeneas
575 1748 733 1825 scopulum
747 1748 862 1808 interea
874 1748 1052 1808 conscendit
1065 1756 1097 1807 et
1109 1766 1231 1808 omnem
1343 1765 1383 1807 xa

398 1844 592 1917 Prospectum
606 1841 666 1901 late
679 1841 788 1919 pelago
800 1842 884 1918 petit,
899 1842 1021 1900 Anthea
1034 1840 1061 1900 si
1074 1858 1164 1916 qoem

397 1937 547 2011 Jactatum
561 1944 652 1994 vento
666 1934 767 1995 videat
781 1934 982 2013 Phrygiasque
996 1933 1135 2007 biremes,

399 2030 462 2086 Aut
476 2027 592 2105 Capyn,
607 2036 658 2087 aut
671 2026 762 2088 celsis
775 2027 806 2085 in
820 2027 971 2104 puppibus
986 2045 1068 2086 arma
1082 2024 1174 2086 Caici

399 2122 516 2180 Navem
530 2118 562 2179 in
575 2130 740 2197 conspectu
754 2120 875 2192 nullam,
891 2128 952 2179 tres
967 2120 1052 2179 litore
1066 2137 1171 2178 cervos

400 2212 547 2289 Prospicit
561 2224 713 2287 errantes,
731 2213 867 2273 hostota
880 2221 1014 2272 armenta
1027 2220 1191 2287 sequuntur
1344 2227 1382 2279 ,ος

400 2307 430 2364 Α
443 2315 537 2384 tergo,
552 2317 584 2365 et
597 2304 719 2383 longum
732 2325 787 2383 per
800 2307 893 2366 valles
907 2306 1039 2383 pascitur
1052 2324 1168 2383 agmen

400 2398 543 2458 Constitit
556 2398 615 2471 hic,
630 2417 790 2474 arcumque
803 2418 895 2458 manu
908 2399 1080 2474 celeresque
1095 2396 1218 2477 sagittas

401 2490 559 2568 Corripuit,
577 2492 656 2552 fidus
668 2510 746 2568 quae
760 2492 821 2552 tela
833 2491 956 2569 gerebat
970 2492 1112 2563 Achates,

401 2586 608 2662 Ductoresque
623 2584 705 2660 ipsos
719 2582 856 2661 primurn,
871 2583 971 2661 capita
983 2584 1044 2643 alta
1057 2584 1187 2644 serentes

401 2676 552 2738 Cornibus
565 2676 707 2749 arboreis,
722 2676 836 2748 sternit,
852 2686 916 2736 tum
929 2676 1042 2751 vulgus,
1059 2685 1089 2735 et
1102 2695 1223 2735 omnem
1344 2705 1385 2744 ιφ

401 2770 512 2829 Miscet
526 2788 618 2847 agens
632 2770 700 2830 telis
714 2788 838 2830 nemora
851 2769 929 2829 inter
942 2768 1068 2828 frondea
1081 2768 1200 2829 turbam
1212 2792 1221 2844 ;

401 2865 431 2922 N
433 2881 468 2922 ec
482 2862 562 2939 prius
576 2862 703 2936 absistit,
718 2880 808 2937 quarn
822 2871 937 2939 septem
951 2862 1085 2939 ingentia
1097 2862 1194 2922 victor

401 2957 536 3031 Corpora
549 2955 655 3014 fundat
669 2955 752 3014 humi
765 2965 796 3014 et
810 2973 966 3014 numerum
980 2973 1048 3014 cum
1063 2953 1189 3016 navibus
1202 2966 1318 3033 aequet

402 3049 486 3108 Hinc
499 3058 619 3125 portum
632 3047 714 3123 petit,
730 3056 761 3106 et
774 3045 872 3106 socios
886 3047 1012 3123 partitur
1025 3047 1057 3104 in
1071 3065 1185 3107 omnes

401 3142 481 3200 Vina
494 3140 592 3199 bonus
607 3159 683 3217 quae
698 3139 808 3200 deinde
822 3140 906 3199 cadis
920 3151 1058 3199 onerarat
1072 3141 1200 3200 Acestes
1347 3171 1386 3210 ις,

400 3235 503 3296 Litore
517 3233 671 3293 Trinacrio
685 3233 869 3309 dederatque
883 3231 1063 3292 abeuntibus
1077 3233 1175 3306 heros,

402 3327 526 3399 Dividit,
542 3336 573 3386 et
586 3324 674 3385 dictis
687 3326 851 3386 maerentia
863 3334 985 3403 pectora
999 3326 1109 3385 mulcet
1123 3348 1130 3385 :

442 3421 470 3482 O
485 3420 567 3493 socii,
577 3437 728 3495 —neque
742 3419 822 3479 enirn
836 3417 932 3497 ignari
945 3436 1046 3477 sumus
1060 3429 1130 3479 ante
1144 3418 1291 3480 malonun
1301 3453 1345 3466 -

402 3514 432 3575 Ο
445 3511 525 3589 passi
539 3512 681 3590 graviora,
697 3509 781 3584 dabit
794 3510 869 3571 deus
882 3509 930 3569 his
944 3529 1063 3586 quoque
1077 3512 1175 3572 finem

401 3608 467 3665 Vos
481 3614 512 3665 et
525 3604 691 3682 Scyllaeam
705 3603 818 3663 rabiem
831 3603 1012 3679 penitusque
1026 3612 1169 3664 sonantes
1347 3631 1386 3660 m

310 3744 314 3751 .
402 3695 540 3758 Accestis
554 3696 704 3772 scopulos,
719 3714 774 3755 vos
788 3705 819 3755 et
833 3695 978 3773 Cyclopia
991 3714 1064 3756 saxa

403 3790 543 3867 Experti:
565 3797 702 3848 revocate
716 3786 840 3861 animos,
855 3796 1060 3864 maestumque
1074 3789 1211 3850 timorem

403 3883 533 3944 Mittite:
554 3882 654 3941 forsan
669 3891 698 3940 et
712 3882 787 3940 haec
800 3879 872 3941 olim
885 3880 1057 3941 meminisse
1075 3881 1199 3957 juvabit.
1234 3911 1236 3916 ·

403 3976 462 4036 Per
474 3972 572 4035 varios
585 3991 682 4049 casius,
696 3991 752 4052 per
766 3982 811 4035 tot
824 3972 997 4036 discrimina
1010 3991 1109 4035 rerum
