3550 4859
709 578 928 626 ..westona
943 579 1002 623 ΗΒ.
1021 580 1054 626 11.

406 724 603 800 Balsamaque
618 733 648 796 et
661 723 770 785 meras
784 743 903 801 semper
916 725 1081 786 frondentis
1095 723 1234 785 acanthi?

405 816 486 891 Quid
502 836 625 876 nemora
638 816 830 893 Aethiopum,
846 818 931 879 molli
943 817 1081 878 canentia
1094 819 1188 879 lana?

404 912 584 988 Velleraque
599 921 632 970 ut
645 909 722 970 soliis
736 911 898 986 depectant
912 911 1013 971 tenuia
1026 913 1131 972 Seres?

405 1006 468 1066 Aut
480 1024 557 1081 quos
571 1004 697 1066 Oceano
711 1003 833 1080 propior
845 1003 920 1080 gerit
934 1005 1024 1065 India
1037 1005 1127 1078 lucoS,

405 1096 537 1157 Extremi
551 1097 633 1157 sinus
647 1096 736 1170 orbis,
751 1097 804 1156 ubi
818 1100 888 1156 aera
901 1097 1018 1158 vincere
1033 1117 1180 1158 summum

404 1190 528 1250 Arboris
542 1191 623 1252 haud
637 1192 714 1251 ullae
727 1192 809 1267 jactu
824 1201 948 1268 potuere
963 1190 1107 1267 sagittae?

404 1284 445 1342 Et
458 1303 531 1360 gens
545 1283 598 1344 illa
611 1285 733 1361 quidem
748 1283 950 1360 sumptisnon
966 1285 1051 1344 tarda
1063 1283 1214 1360 pharetris

405 1376 510 1436 Media
523 1378 578 1436 sert
592 1377 689 1438 tristes
703 1397 791 1437 sucos
806 1377 981 1453 tardumque
996 1396 1132 1454 saporem

405 1469 513 1529 Felicis
528 1470 606 1544 mali,
622 1490 683 1548 quo
697 1490 759 1530 non
773 1470 958 1546 praesentius
973 1471 1074 1544 ullum,

404 1565 518 1624 Pocula
532 1565 556 1623 si
571 1564 692 1640 quando
707 1583 814 1624 saevae
828 1564 957 1625 iniecere
971 1583 1117 1648 novercae

404 1656 649 1733 Miscueruntque
663 1658 771 1718 herbas
787 1668 816 1717 et
830 1677 892 1717 non
907 1657 1029 1716 innoxia
1041 1659 1140 1730 verba,

403 1749 556 1810 Auxilium
569 1749 658 1823 venit,
675 1770 711 1810 ac
725 1749 865 1810 membris
879 1750 940 1828 agit
954 1762 1018 1810 atra
1031 1770 1153 1810 venena

402 1844 475 1919 Ipsa
489 1843 594 1920 ingens
607 1834 695 1903 arbos
708 1843 875 1920 faciemque
890 1844 1039 1903 simillima
1051 1844 1143 1918 lauro,

403 1937 450 2009 Et,
467 1936 568 1995 sinon
583 1937 746 1996 aliumlate
758 1938 883 2013 jactaret
898 1938 1030 2010 odorem,
1100 1984 1103 1990 .

403 2030 518 2089 Laurus
532 2040 612 2104 erat3
632 2029 704 2089 folia
717 2030 797 2090 haud
812 2030 879 2090 ullis
893 2030 1024 2091 labentia
1037 2029 1154 2104 ventis3

401 2122 475 2183 Flos
489 2122 528 2182 ad
541 2122 637 2200 prima
650 2134 759 2198 tenax3
779 2123 894 2182 animas
908 2135 938 2188 et
952 2123 1064 2183 olentia
1078 2123 1164 2182 Medi

401 2216 465 2276 Ora
478 2216 580 2276 fovent
594 2215 645 2275 illo
659 2227 690 2276 et
704 2216 823 2276 senibus
837 2216 1023 2276 medicantur
1036 2216 1159 2277 anhelis.

442 2308 502 2369 Sed
518 2328 615 2386 neque
631 2309 790 2369 Medorum
806 2309 906 2383 silvae,
922 2309 1068 2370 ditissima
1080 2320 1164 2382 terra,

401 2403 467 2462 Nec
482 2403 604 2479 pulcher
618 2405 738 2479 Ganges
752 2415 841 2480 atque
856 2422 928 2463 auro
942 2403 1076 2464 turbidus
1091 2405 1223 2463 Hermus

401 2496 555 2556 Laudibus
570 2495 675 2556 Italiae
689 2507 812 2571 certent,
827 2516 893 2557 nou
904 2500 1018 2570 Bactra,
1034 2516 1130 2573 neque
1146 2495 1224 2570 Indi,

399 2590 538 2665 Totaque
553 2589 677 2650 turiferis
693 2589 844 2651 Panchaia
857 2589 975 2667 pinguis
988 2590 1091 2650 arenis.

400 2683 490 2742 Haec
504 2683 571 2742 loca
585 2702 647 2743 non
661 2683 737 2743 tauri
751 2683 896 2760 spirantes
910 2683 1030 2742 naribus
1044 2683 1142 2758 ignem

400 2776 553 2837 Invertere
566 2776 639 2837 satis
654 2776 791 2836 immanis
805 2776 945 2836 dentibus
961 2775 1055 2852 hydri,

400 2871 467 2929 Nec
481 2871 573 2946 galeis
587 2870 747 2947 densisque
760 2869 856 2928 virum
870 2888 955 2946 seges
968 2868 1083 2928 horruit
1096 2867 1189 2928 hastis
1200 2889 1209 2943 3

401 2963 462 3023 Sed
475 2963 613 3040 gravidae
628 2964 725 3040 fruges
740 2974 770 3023 et
784 2962 894 3023 Bacchi
910 2962 1058 3022 Massicus
1071 2962 1178 3022 humor

399 3058 587 3133 Implevere3
607 3067 710 3117 teuent
724 3057 808 3116 oleae
822 3067 1014 3132 amentaque
1028 3057 1113 3116 laeta

400 3150 485 3210 Hinc
498 3150 624 3211 bellator
637 3169 731 3226 equus
746 3168 853 3226 campo
868 3169 933 3210 sese
947 3149 1055 3208 arduus
1074 3148 1180 3222 infert;

400 3241 484 3302 Hinc
499 3243 566 3317 albi,
583 3243 743 3316 Clitumne‚
758 3261 861 3319 greges
876 3252 907 3302 et
920 3241 1050 3301 maxima
1063 3252 1162 3301 taurus

399 3335 538 3410 Victima,
555 3355 643 3413 saepe
658 3347 711 3396 tuo
724 3335 833 3413 perfusi
847 3335 969 3394 flumine
983 3353 1076 3408 sacre,

401 3429 557 3489 Romanos
571 3431 611 3490 ad
624 3429 736 3505 templa
749 3429 838 3488 deum
854 3428 964 3487 duxere
979 3426 1151 3503 triumphos.

401 3521 463 3581 Hic
476 3541 528 3581 ver
542 3521 699 3582 adsiduum
713 3532 802 3598 atque
817 3519 921 3580 alienis
935 3519 1088 3580 mensibus
1102 3530 1220 3595 aestas3

400 3613 450 3674 Bis
463 3614 601 3692 gravidae
616 3616 755 3692 pecudes,
771 3613 818 3675 bis
832 3613 931 3691 pomis
944 3613 1025 3674 utilis
1040 3614 1134 3674 arbos.

398 3709 440 3768 At
454 3707 576 3768 rabidae
589 3708 677 3786 tigres
692 3710 800 3768 absunt
814 3719 844 3768 et
859 3727 948 3767 saeva
961 3709 1082 3767 leonum

399 3800 527 3875 Semina,
541 3820 599 3862 nec
612 3801 735 3861 miseros
749 3802 855 3862 fallunt
869 3800 989 3861 aconita
1001 3801 1142 3877 legentes,

399 3895 465 3954 Nec
479 3895 556 3972 rapit
569 3894 731 3956 immensos
745 3896 832 3955 orbes
847 3914 900 3971 per
913 3895 1045 3968 humum,
1060 3913 1158 3970 neque
1172 3904 1256 3955 tanto
1305 3951 1307 3954 ,

399 3985 1142 4067 Squameusinspiramtractusecolligitanguia
1214 4062 1218 4066 ,
1268 4041 1308 4049 ..
