3550 4859
674 585 832 637 Atnsmos
854 589 912 637 ute.
935 593 962 637 V.

331 742 559 818 Purpureusque
571 739 643 815 jacit
656 739 752 813 liures,
767 739 887 800 actalia
902 740 997 800 fatur:
1013 739 1016 747 '

330 834 426 908 Salve,
442 843 544 893 sancte
558 850 673 910 patene,
689 831 818 893 itemm:
837 834 958 907 salvete,
973 832 1085 910 recepti
1283 850 1310 889 aa

332 928 544 1004 Nequidquam
558 926 681 999 cineres,
697 926 874 1003 animaeque
887 926 1071 1003 umbraeque
1084 935 1234 1005 putemne

332 1022 403 1079 Non
418 1020 499 1079 licuit
512 1020 588 1078 fines
604 1020 698 1078 Italos
712 1015 872 1095 fataliaque
887 1035 965 1092 arva,

333 1115 398 1172 Nec
412 1124 511 1173 tecum
526 1112 702 1185 Ausonium,
718 1111 898 1188 quicumque
913 1120 968 1185 est,
985 1126 1126 1188 quaerere
1140 1110 1302 1189 Thybrim
1320 1116 1322 1121 ’

332 1205 456 1265 Dixerat
469 1206 556 1278 haec,·
569 1205 665 1281 adytis
680 1222 771 1281 quum
785 1203 917 1264 lubricus
931 1204 1036 1283 anguis
1050 1196 1089 1264 ab
1102 1203 1171 1265 imis

331 1301 451 1376 Septem
466 1298 572 1376 ingens
585 1315 682 1376 gyrus,
698 1305 824 1373 septena
836 1297 989 1356 volumina
1002 1295 1097 1371 traxit,
1285 1305 1322 1358 ⁸³¹

332 1393 497 1470 Amplexus
511 1389 629 1467 placide
642 1390 789 1450 tumulum
802 1390 965 1466 lapsusque
979 1405 1122 1467 paratas,
1137 1392 1139 1396 ’
1331 1384 1333 1388 ’

331 1486 495 1547 Caeruleae
509 1485 557 1544 cui
572 1494 653 1561 terga
667 1491 757 1542 notae
771 1482 940 1542 maculosus
955 1492 986 1542 et
999 1498 1070 1542 auro

332 1581 494 1656 Squamam
509 1577 689 1637 incendebat
702 1576 799 1655 fulgor
811 1594 866 1635 ceu
881 1575 1011 1636 nubibus
1025 1593 1111 1637 arcus
1156 1599 1159 1603 ·
1236 1598 1239 1601 ’

331 1671 418 1732 Malle
430 1671 503 1751 jacit
517 1670 613 1729 varios
627 1669 754 1729 adverso
768 1668 832 1728 sole
846 1669 970 1728 colores.

331 1762 495 1841 Obstupuit
507 1763 573 1823 visu
587 1764 715 1822 Aeneas.
758 1761 816 1821 Ille
829 1761 949 1840 agmine
963 1761 1054 1839 longo

331 1857 468 1917 Tandem
482 1857 560 1916 inter
572 1864 689 1933 pateras
703 1864 735 1927 et
748 1854 825 1914 levia
838 1854 948 1933 pocula
961 1871 1084 1931 serpens

332 1950 509 2026 Libavitque
523 1950 626 2025 dapes,
641 1966 802 2024 rursusque
816 1947 956 2007 innoxius
970 1947 1031 2007 imo

334 2043 483 2104 Successit
497 2041 620 2115 tumulo,
635 2051 666 2101 et
680 2041 804 2117 depasta
818 2041 922 2101 altaria
935 2040 1029 2118 liquit
1043 2080 1046 2087 ·

335 2138 404 2196 Hoc
419 2135 513 2213 magis
527 2134 663 2212 inceptos
676 2134 804 2213 genitori
819 2133 963 2195 instaurat
976 2136 1116 2207 honores,

334 2232 478 2302 Incertus,
494 2228 665 2288 Geniumne
678 2227 737 2289 loci
752 2220 932 2286 famulumne
946 2225 1079 2305 parentis

334 2323 408 2382 Esse
423 2330 527 2399 putet;
546 2320 645 2380 caedit
657 2320 744 2379 binas
758 2320 797 2380 de
810 2337 894 2380 more
906 2319 1055 2392 bidentes,

333 2416 450 2491 Totque
465 2433 542 2487 sues,
558 2413 684 2473 totidem
699 2411 850 2489 nigrantes
865 2422 950 2491 terga
960 2413 1126 2493 juvencos;

331 2507 471 2584 Vinaque
485 2506 629 2566 fundebat
642 2505 762 2583 patene,
778 2505 967 2583 animamque
980 2504 1109 2564 vocabat

330 2598 484 2661 Anchisae
498 2598 598 2677 magni
613 2600 782 2676 Manesque
797 2600 970 2658 Acheronte
983 2597 1132 2656 remissos

327 2694 359 2751 N
361 2711 399 2753 ec
413 2711 476 2752 non
490 2703 521 2752 et
535 2690 616 2765 socii,
632 2709 708 2768 quae
722 2692 829 2769 cuique
843 2699 892 2751 est
903 2690 1000 2768 copia,
1015 2686 1086 2749 laeti

327 2788 423 2846 Dona
437 2786 544 2859 ierunt,
560 2793 686 2843 onerant
699 2802 773 2858 aras,
789 2794 982 2860 mactantque
994 2784 1159 2859 juvencus3

323 2879 447 2941 Ordine
461 2881 537 2938 aina
551 2877 651 2937 locant
664 2876 722 2951 alii,
738 2878 856 2955 fusique
869 2894 925 2955 per
938 2876 1061 2935 herbam

328 2972 501 3051 Subjiciunt
510 2970 633 3031 ¹uenbus
646 2986 757 3048 prunas
771 2980 802 3030 et
814 2969 931 3030 viscera
944 2975 1065 3029 torrent

370 3066 553 3141 Exspectata
567 3062 632 3124 dies
646 3064 750 3123 aderat
763 3077 934 3139 nonamque
949 3077 1056 3122 serena

330 3160 481 3216 Auroram
495 3156 690 3216 Phaethontis
704 3155 774 3233 equi
785 3155 848 3235 jam
861 3155 929 3215 luce
942 3154 1101 3226 vellebant,

331 3251 485 3326 Famaque
498 3250 639 3308 finitimos
653 3255 685 3308 et
697 3249 770 3308 clari
783 3266 895 3307 nomen
910 3251 1040 3307 Acestae
1107 3286 1109 3292 ·

337 3341 490 3417 Excierat;
510 3343 588 3402 laeto
602 3342 797 3418 complebant
810 3340 897 3401 litora
910 3349 1007 3413 coetu,

336 3435 433 3494 Visuri
448 3436 619 3508 Aeneadas,
631 3453 701 3512 pars
715 3443 747 3493 et
760 3442 875 3493 certare
888 3432 991 3511 parati.

340 3527 462 3588 ll'unera
475 3529 622 3606 principio
636 3536 706 3587 ante
720 3527 825 3586 oculos
838 3526 979 3603 circoque
993 3524 1129 3585 locantur

339 3622 371 3679 ln
385 3620 495 3696 medio,
511 3622 587 3681 sacri
600 3620 733 3697 tripodes
746 3617 915 3695 viridesque
928 3633 1059 3695 coronae

339 3714 373 3773 Et
385 3715 504 3791 palmae
518 3713 645 3791 pretium
659 3711 830 3785 victoribus,
846 3726 988 3788 armaque
1002 3721 1033 3771 et
1045 3718 1128 3770 ostro

336 3808 474 3868 Perfirsae
486 3813 596 3880 vestes,
612 3804 725 3882 argenti
740 3804 863 3881 aurique
877 3804 1022 3863 talentum
1034 3822 1043 3877 3

233 3922 239 3933 ·
332 3903 373 3961 Et
386 3903 460 3962 tuba
473 3899 647 3960 commissos
660 3898 762 3957 medio
775 3896 858 3957 canit
871 3911 980 3975 aggere
994 3894 1089 3954 ludos.

326 3993 433 4054 Prima
446 4012 535 4072 pares
549 3992 653 4052 ineunt
665 3989 804 4070 gavina
818 3986 980 4051 certamina
992 3987 1083 4048 remis
