3550 4859
404 541 462 600 ηδ
721 555 748 596 a.
766 553 901 598 urantur
921 553 1064 597 utnonrs

401 698 573 776 Suscipiunt
586 697 704 776 pateris
747 700 820 775 Ipse
832 698 889 760 etri
902 697 1021 760 velleris
1034 713 1143 774 agnam

402 796 522 853 Aeneas
536 793 622 853 matri
638 792 837 853 Eumenidum
850 808 1036 871 magnaeque
1050 790 1145 852 sorori
1343 799 1384 858 ι’»

402 889 482 947 Ense
497 887 572 959 serit,
589 885 779 961 sterilemque
793 885 856 960 tibi,
872 886 1059 963 Proserpina,
1074 902 1205 946 vaomm

400 981 479 1039 Tum
496 980 598 1059 Stygio
611 979 674 1057 regi
690 990 850 1042 nocturnas
865 979 987 1040 inchoat
1000 998 1074 1053 aras,

401 1074 441 1132 Et
455 1073 553 1132 solida
566 1072 693 1149 imponit
707 1081 857 1132 taurorum
871 1071 985 1132 viscera
998 1071 1135 1145 flammis,

401 1166 516 1243 Pingue
530 1184 619 1242 super
632 1165 733 1224 oleum
747 1165 909 1234 infirndens
921 1164 1096 1226 ardentibus
1109 1162 1193 1226 extis

389 1260 481 1318 ‘Ecce
494 1269 603 1332 autem,
618 1259 704 1335 primi
718 1259 775 1319 sub
789 1259 902 1318 lumina
915 1259 989 1319 solis
1002 1269 1033 1318 et
1047 1268 1129 1319 ortus
1343 1287 1382 1326 ις,

397 1352 461 1413 Sub
475 1352 603 1429 pedibus
617 1352 732 1429 mugire
745 1352 843 1412 solum
856 1361 887 1411 et
899 1353 972 1430 juga
985 1360 1094 1427 coepta
1107 1349 1221 1412 moveri

399 1444 553 1517 Silvarum,
568 1444 707 1520 visaeque
721 1463 811 1505 canes
825 1445 939 1504 ululare
952 1461 1006 1521 per
1019 1443 1165 1517 umbram,

401 1538 592 1597 Adventante
607 1538 671 1596 dea.
715 1537 865 1611 Proculo,
880 1539 985 1615 procul
999 1548 1071 1611 este,
1087 1535 1213 1614 profani,

400 1632 578 1692 Conclamat
590 1641 683 1704 vates,
698 1640 821 1707 totoque
835 1629 970 1692 absistite
984 1631 1073 1705 luco;

399 1725 506 1800 Tuque
521 1724 629 1784 invade
643 1724 730 1797 viam
745 1724 912 1803 vaginaque
925 1724 1007 1800 eripe
1022 1723 1153 1798 ferrum;
1343 1737 1381 1778 ιω

400 1819 490 1877 Nunc
505 1816 610 1876 animis
624 1836 708 1893 opus,
725 1819 838 1891 Aenea,
853 1797 1069 1894 nunc'pectore
1083 1817 1177 1876 firmo.

399 1912 529 1969 Tantum
546 1911 643 1983 effata,
658 1911 758 1970 nuens
772 1920 858 1971 autm
872 1929 907 1971 se
921 1909 1044 1970 immisit
1057 1919 1182 1987 apert03

400 2001 457 2062 Ille
472 2003 579 2061 ducem
593 2003 673 2061 haud
688 2001 800 2064 timidis
813 2003 973 2063 vadentem
987 2002 1125 2079 passibus
1138 2009 1256 2078 aequat.

440 2095 489 2168 Di,
506 2096 613 2172 quibus
628 2096 784 2172 imperium
797 2105 844 2156 est
856 2096 1032 2168 animarum,
1048 2095 1242 2171 Umbraeque
1255 2091 1379 2156 silentes

400 2189 439 2246 Et
454 2189 564 2262 Chaos,
581 2199 610 2248 et
626 2189 819 2266 Phlegethon,
835 2188 904 2250 loon
916 2198 1006 2248 nocte
1020 2188 1151 2248 tacentia
1164 2188 1236 2261 late,
1341 2200 1380 2250 »ts

401 2280 447 2341 Sit
461 2282 534 2339 mihi
548 2282 593 2341 sas
608 2282 710 2342 audita
723 2282 804 2358 loqui
816 2304 825 2356 ;
845 2282 883 2342 sit
897 2282 1020 2342 numine
1032 2291 1133 2344 vestro

271 2431 275 2444 ,
401 2374 538 2434 Pandere
553 2394 600 2434 res
615 2370 676 2435 alta
689 2385 766 2435 terra
780 2384 811 2435 et
824 2374 950 2453 caligine
964 2394 1086 2435 mersas

439 2469 531 2527 Ibant
545 2469 663 2527 obscuri
678 2468 743 2528 sole
757 2468 813 2529 sub
827 2478 918 2530 nocte
931 2488 986 2545 per
999 2469 1144 2541 umbram,

399 2561 516 2636 Perque
532 2561 639 2620 domos
654 2560 734 2621 Ditis
748 2580 857 2622 vectus
871 2571 904 2622 et
916 2560 1017 2622 inania
1030 2580 1140 2638 regna:

398 2652 497 2727 Quale
511 2672 565 2729 per
579 2654 722 2714 incertam
737 2654 838 2714 lunam
852 2654 910 2715 snb
924 2654 990 2715 luoe
1004 2654 1138 2732 maligna
1340 2679 1382 2721 m·

398 2746 453 2805 Est
467 2744 522 2805 iter
536 2746 567 2804 in
582 2745 671 2820 silvis,
686 2747 738 2807 ubi
751 2747 871 2808 eoelum
884 2747 1021 2808 condidit
1033 2747 1138 2822 umbra

396 2837 543 2915 Juppiter,
559 2848 590 2898 et
603 2839 692 2899 rebus
705 2860 767 2900 nox
780 2840 903 2903 abstulit
915 2851 981 2902 atra
993 2842 1133 2902 colorem.

396 2932 585 2990 Vestibulum
601 2942 671 2991 ante
686 2933 783 3009 ipsum
797 2934 960 3011 primisque
972 2933 1153 2994 intencihus
1166 2930 1239 2996 Orci

397 3024 510 3083 Luctus
525 3034 555 3082 et
569 3024 690 3084 ultrices
703 3045 829 3101 posuere
843 3026 955 3088 cubilia
969 3028 1086 3101 Curae3

397 3117 608 3192 Pallentesque
622 3116 758 3177 habitant
772 3120 882 3193 Morbi,
898 3120 1050 3197 tristisque
1064 3122 1218 3193 Senectus,
1339 3141 1377 3186 us

397 3212 436 3270 Et
451 3212 562 3283 Metus,
578 3220 608 3269 et
622 3211 793 3272 malesuada
807 3214 922 3287 Fames,
937 3232 973 3274 ac
987 3213 1082 3295 turpis
1097 3215 1231 3291 Egestas,

394 3284 559 3364 lTerribiles
573 3304 639 3363 visu
653 3304 772 3377 formae,
790 3307 966 3384 Letumque,
982 3307 1144 3383 Labosque
1153 3328 1164 3381 ς
1271 3305 1273 3309 ’

396 3398 475 3456 Tum
491 3397 731 3475 consanguineus
746 3398 813 3460 Leti
826 3400 932 3477 Sopor,
946 3411 977 3461 et
991 3399 1071 3460 mala
1083 3398 1193 3460 mentis

397 3490 523 3563 Gaudia,
539 3490 783 3567 mortiferumque
796 3492 925 3554 adverso
937 3492 968 3552 in
982 3493 1085 3554 limine
1099 3491 1225 3564 Bellum,

396 3583 422 3640 F
422 3582 554 3659 erreique
570 3584 769 3645 Eumenidum
783 3585 915 3659 theletum
929 3597 960 3647 et
975 3584 1133 3647 Discordia
1146 3585 1281 3657 denhem,
1337 3599 1378 3646 ab

395 3676 557 3752 Viperenm
572 3676 685 3735 crinem
698 3678 780 3737 vittis
793 3677 904 3739 innexa
916 3678 1055 3739 cruentis.

437 3772 474 3827 In
489 3768 588 3827 medio
603 3789 702 3828 ramos
715 3788 891 3847 ennoaaque
903 3770 1024 3832 brachia
1036 3770 1144 3849 pandit

396 3862 506 3921 Ulmus
520 3880 622 3938 opaca,
638 3863 754 3940 ingens,
769 3881 859 3938 quam
873 3864 978 3924 sedem
992 3865 1117 3925 Somnia
1128 3864 1218 3942 vulgo

395 3955 484 4013 Vana
497 3965 597 4013 tenere
611 3954 718 4029 serunt,
732 3955 871 4032 follisque
884 3956 942 4018 nub
954 3956 1095 4018 omnibus
1109 3957 1242 4020 haerent.
