3550 4859
733 559 893 605 nnnnmos
914 519 973 606 ua
997 561 1036 605 1v.
1318 558 1375 620 179

298 761 301 763 ,
398 708 483 770 Urbe
497 707 606 780 furens,
621 707 718 784 qualis
731 708 871 784 conjecta
883 724 972 768 cerva
984 707 1099 785 sagitta,

397 805 497 880 Quam
511 801 615 880 procul
629 800 780 861 incautam
793 820 918 861 nemora
931 800 1008 862 inter
1022 799 1126 862 Cresia
1139 799 1203 860 fixit
1300 834 1304 842 ·
1352 829 1377 868 ⁷0

398 900 504 958 Pastor
517 915 609 974 agens
623 894 698 968 telis,
713 893 858 972 liquitque
871 894 992 956 volatile
1006 896 1114 955 ferrum

399 989 546 1064 Nescius;
566 989 617 1048 illa
630 989 700 1067 fuga
714 987 803 1048 silvas
817 989 969 1065 saltusque
983 997 1119 1067 peragrat

400 1084 563 1157 Dictaeos3
582 1083 685 1143 haeret
698 1080 782 1142 lateri
796 1081 892 1142 letalis
906 1083 1029 1142 arundo.

400 1179 490 1237 Nunc
504 1175 605 1236 media
618 1177 746 1234 Aenean
760 1194 861 1235 seeum
875 1193 929 1252 per
942 1173 1061 1235 moenia
1074 1173 1164 1249 ducit,

399 1268 596 1345 Sidoniasque
611 1277 742 1339 ostentat
755 1286 829 1344 opes
843 1269 1007 1344 urbemque
1020 1278 1174 1344 paratam3

399 1361 511 1439 Incipit
525 1360 614 1435 effari,
630 1360 788 1437 mediaque
802 1360 834 1419 in
847 1379 923 1421 voce
937 1360 1063 1435 resistit3

401 1452 492 1516 Nunc
507 1455 613 1515 eadem
626 1454 747 1514 labente
761 1452 810 1513 die
824 1453 962 1513 convivia
975 1453 1099 1530 quaerit,

400 1549 571 1624 Iliacosque
585 1546 691 1607 iterum
705 1547 830 1607 demens
843 1545 945 1606 audire
959 1548 1076 1607 labores

401 1641 553 1720 Exposeit,
568 1640 739 1717 pendetque
754 1639 858 1701 itemm
873 1639 1018 1700 narrantis
1031 1642 1071 1701 ab
1084 1659 1144 1701 ore

401 1737 482 1809 Post,
497 1733 549 1794 ubi
563 1732 694 1811 digressi,
710 1733 870 1809 lumenque
884 1734 1012 1793 obscura
1023 1733 1153 1794 vicissim

400 1829 488 1888 Luna
501 1825 608 1904 premit
623 1826 809 1902 suadentque
822 1826 960 1887 cadentia
974 1827 1072 1887 sidera
1084 1846 1216 1901 somnos,

401 1921 472 1982 Sola
485 1920 577 1980 domo
591 1929 703 1979 maeret
716 1937 819 1994 vacua,
834 1918 991 1997 stratisque
1005 1920 1114 1981 relictis

402 2014 538 2074 Incubat
582 2013 672 2071 Illum
686 2013 795 2072 absens
809 2013 964 2073 absentem
978 2013 1121 2090 auditque
1134 2012 1287 2090 videtque,

400 2110 464 2167 Aut
476 2104 589 2184 gremio
603 2104 776 2179 Ascanium,
792 2103 934 2182 genitoris
947 2105 1076 2182 imagine
1090 2117 1187 2184 capta,

402 2199 535 2274 Detinet,
551 2197 705 2259 infandum
720 2197 744 2258 si
757 2199 858 2258 fallere
872 2197 967 2276 possit
980 2217 1120 2260 amorem

403 2296 475 2355 Non
490 2303 618 2371 coeptae
629 2292 791 2369 adsurgunt
804 2302 906 2367 turres,
920 2311 983 2352 non
997 2312 1079 2353 arma
1089 2295 1229 2371 juventus

404 2390 538 2461 Exercet,
553 2396 694 2464 portusve
708 2396 759 2446 aut
772 2387 996 2464 propugnacula
1009 2388 1091 2447 bello

402 2483 483 2540 Tuta
497 2490 601 2557 parant
611 2501 621 2554 3
640 2479 775 2556 pendent
787 2497 879 2556 opera
892 2478 1057 2558 interrupta
1069 2480 1227 2558 minaeque

404 2576 561 2633 Mororum
574 2572 709 2649 ingentes
723 2582 909 2650 aequataque
923 2575 1063 2634 machina
1076 2575 1169 2634 coelo.

443 2667 544 2742 Quam
558 2664 645 2725 simul
658 2683 695 2725 ac
707 2664 761 2724 tali
774 2665 920 2743 persensit
933 2678 1018 2744 peste
1032 2666 1125 2728 teneri

404 2761 484 2820 Cara
496 2758 581 2835 Jovis
594 2759 714 2835 oonJux,
728 2777 785 2818 nec
798 2759 908 2818 sarnam
922 2760 1042 2820 obstare
1055 2757 1153 2832 furori,

402 2853 529 2913 Talibus
542 2850 711 2928 adgreditur
723 2852 872 2911 Venerem
886 2852 1024 2913 Saturnia
1036 2851 1123 2913 dictis
1135 2875 1141 2911 :

404 2944 561 3024 Egregiam
574 2962 645 3004 vero
658 2944 785 3007 laudern,
793 2955 825 3005 et
838 2944 935 3023 spolia
948 2946 1048 3023 ampla
1061 2944 1173 3006 refertis

403 3041 512 3115 Tuque
525 3057 656 3114 puerque
671 3048 747 3112 tuus,
761 3057 903 3116 magnum
917 3038 1153 3100 etmemorabile
1167 3055 1288 3112 nomen,

404 3133 478 3192 Una
490 3131 562 3190 dolo
576 3129 678 3190 divum
692 3130 718 3190 si
732 3131 845 3193 femina
858 3131 938 3193 victa
951 3133 1077 3192 duorum
1092 3143 1144 3203 est

404 3226 473 3286 Nec
487 3243 535 3284 me
550 3224 627 3284 adeo
640 3223 715 3285 fallit
728 3225 852 3285 veritam
868 3235 898 3286 te
912 3224 1032 3286 moenia
1044 3235 1147 3284 nostra

297 3308 306 3322 '
403 3319 564 3395 Suspectas
578 3316 718 3378 habuisse
733 3317 841 3378 domos
857 3316 1050 3394 Karthaginis
1064 3318 1149 3376 altae.

403 3412 465 3473 Sed
479 3409 546 3487 quis
559 3410 614 3471 erit
628 3410 745 3486 modus,
760 3421 811 3471 ant
825 3429 887 3486 quo
900 3429 981 3470 nunc
995 3409 1156 3470 certamine
1170 3412 1274 3470 tantol

404 3504 488 3580 Quin
502 3501 601 3580 potins
616 3522 723 3581 pacem
738 3514 888 3564 aeternam
903 3514 1068 3580 pactosque
1082 3502 1264 3581 hymenaeos

405 3599 607 3657 Exercemns?
628 3597 731 3671 habes,
746 3607 811 3656 tota
824 3596 907 3672 quod
921 3607 1021 3656 mente
1035 3595 1153 3673 petisti:

403 3689 500 3750 Ardet
514 3708 619 3751 amans
632 3688 716 3749 Dido
730 3687 876 3765 traxitque
889 3707 944 3766 per
956 3703 1027 3749 ossa
1039 3689 1175 3750 furorem

405 3785 609 3845 Communem
623 3783 704 3842 bunc
717 3799 788 3859 ergo
802 3783 947 3859 populum
961 3781 1140 3859 paribusque
1153 3800 1288 3861 regamus

404 3875 578 3953 Auspiciis3
598 3874 688 3934 liceat
701 3873 831 3952 Phrygio
842 3873 951 3935 servire
964 3873 1079 3948 mrito,

404 3970 594 4046 Dotalesque
608 3977 677 4029 tuae
691 3966 802 4046 Tyrios
811 3966 983 4044 permittere
995 3968 1123 4029 dextrae
