3550 4859
719 560 877 605 mardos
899 560 958 604 Lm.
981 560 1021 604 tv.

382 710 563 770 Germanam
577 704 679 780 credit,
695 726 752 767 nec
766 716 866 768 tantos
880 717 982 769 mente
994 707 1107 767 furores

382 800 531 878 Concipit,
546 810 598 861 aut
610 799 745 877 graviora
757 800 843 861 timet
856 820 948 877 quam
960 810 1057 862 morte
1070 795 1204 879 Sychaei.

382 898 461 972 Ergo
473 895 557 971 jussa
570 903 662 971 parat

423 990 464 1047 At
478 985 586 1064 regina,
602 1005 675 1064 pyra
687 986 831 1064 penetrali
845 985 875 1047 in
891 987 962 1047 sede
976 988 1033 1049 sub
1047 1004 1133 1048 eruas

382 1081 488 1141 Erecta
501 1078 614 1157 ingenti
628 1079 723 1139 taedis
737 1090 826 1156 atque
840 1079 908 1140 ilice
922 1091 1012 1153 secta,

381 1172 574 1249 Intenditque
589 1173 687 1231 locum
703 1172 786 1233 sertis
801 1184 831 1233 et
845 1173 949 1233 fronde
964 1183 1088 1233 coronat

381 1268 534 1339 Funerea3
555 1284 642 1342 super
656 1264 776 1325 exuvias
790 1285 952 1342 ensemque
966 1265 1101 1326 relictum

382 1358 574 1436 Effigiemque
590 1368 656 1417 toro
668 1358 757 1432 locat,
772 1359 853 1419 haud
867 1359 971 1436 ignara
983 1358 1079 1419 futuri

380 1453 467 1512 Stant
481 1470 548 1511 arae
562 1450 682 1526 circum,
697 1461 728 1512 et
741 1451 838 1512 crines
851 1453 947 1512 effusa
959 1453 1101 1513 sacerdos

378 1548 439 1606 Ter
453 1545 573 1606 centum
587 1555 671 1605 tonat
686 1564 737 1606 ore
751 1546 834 1618 deos,
851 1546 1040 1621 Erebumque
1056 1545 1218 1622 Chaosque

377 1637 646 1716 Tergeminamque
664 1641 812 1712 Hecaten,
828 1638 883 1698 tria
897 1636 1016 1715 virginis
1031 1657 1083 1698 ora
1098 1637 1223 1698 Dianae

378 1734 529 1810 Sparserat
543 1742 573 1791 et
587 1730 691 1792 latices
706 1731 858 1792 simulatos
873 1730 963 1791 sontis
978 1730 1098 1804 Averni,

379 1824 519 1885 Falcibus
529 1835 564 1885 vet
577 1844 695 1885 messae
710 1824 749 1884 ad
764 1827 881 1884 Lunam
896 1834 1075 1901 quaeruntur
1088 1823 1173 1885 aenis

377 1919 529 1978 Pubentes
543 1918 653 1978 herbae
668 1917 743 1995 nigri
758 1937 825 1977 cum
841 1919 918 1978 lacte
932 1918 1060 1992 veneni,

379 2011 537 2087 Quaeritur
551 2022 581 2071 et
594 2010 744 2071 nascentis
759 2011 828 2088 equi
843 2011 881 2071 de
896 2012 992 2072 fronte
1007 2012 1141 2072 revulsus

380 2106 419 2165 Et
434 2105 518 2164 matri
532 2115 705 2185 praereptus
720 2123 811 2165 amor.

379 2190 451 2276 Ipsa
466 2199 545 2257 mola
559 2196 826 2275 manibusquepiis
840 2196 945 2258 altaria
956 2200 1048 2275 juxta,

379 2292 483 2352 Unum
498 2302 585 2351 exuta
599 2290 707 2368 pedem
721 2290 834 2365 vinclis,
850 2290 881 2351 in
896 2300 978 2351 veste
992 2291 1132 2366 recincta,

379 2385 517 2444 Testatur
531 2384 672 2443 moritura
685 2384 760 2444 deos
774 2395 805 2445 et
817 2384 941 2459 conscia
954 2383 1007 2445 fati

378 2477 500 2552 Sidera3
519 2488 591 2551 tum,
607 2476 631 2536 si
646 2478 729 2555 quod
742 2496 804 2537 non
819 2497 919 2553 aequo
931 2478 1051 2538 loedere
1065 2487 1200 2538 amantes

379 2572 476 2631 Curae
491 2588 600 2630 numen
614 2571 706 2630 habet
718 2571 891 2647 justumque
905 2589 1087 2648 memorque,
1103 2580 1247 2648 precatur.

421 2665 490 2723 Nox
504 2672 575 2737 erat,
590 2672 622 2723 et
634 2662 785 2740 placidum
799 2664 963 2741 carpebant
976 2664 1055 2724 fessa
1069 2681 1209 2740 soporem

380 2757 515 2833 Corpora
528 2776 581 2834 per
594 2765 695 2830 terras,
710 2756 861 2833 silvaeque
875 2768 907 2817 et
920 2776 1010 2817 saeva
1023 2756 1158 2833 quierant

380 2853 528 2926 Aequora,
544 2868 635 2926 quum
648 2850 749 2910 medio
762 2850 923 2910 volvuntur
937 2850 1033 2910 sidera
1046 2850 1141 2927 lapsu,

380 2943 480 3017 Quum
495 2952 573 3003 tacet
586 2942 683 3002 omnis
697 2962 775 3021 ager,
788 2944 920 3020 pecudes
932 2943 1091 3020 pictaeque
1105 2942 1251 3017 volucres,

380 3036 524 3112 Quaeque
539 3036 620 3095 lacus
633 3036 692 3095 late
706 3034 846 3113 liquidos,
863 3055 1000 3113 quaeque
1014 3054 1119 3113 aspera
1133 3034 1231 3097 dumis

381 3130 463 3189 Rura
476 3138 587 3203 tenent,
602 3148 709 3188 somno
723 3128 839 3207 positae
853 3131 909 3189 sub
923 3140 1012 3189 nocte
1025 3128 1124 3189 silenti

380 3220 542 3302 [Lenibant
556 3241 650 3295 curas,
666 3232 697 3282 et
710 3222 803 3283 corda
816 3222 911 3283 oblita
924 3218 1080 3302 laborum]⁸

317 3323 319 3328 '
380 3318 423 3375 At
437 3333 497 3374 non
511 3313 613 3387 infelix
626 3314 718 3375 animi
732 3314 904 3388 Phoenissa,
921 3333 977 3375 nec
991 3333 1125 3391 unquam

379 3408 507 3470 Solvitur
520 3408 550 3467 in
565 3427 698 3483 somnos,
714 3408 846 3469 oculisve
860 3419 912 3469 aut
925 3417 1046 3485 pectore
1060 3418 1181 3468 noctem

379 3501 517 3579 Accipit:
538 3500 724 3579 ingeminant
737 3520 834 3575 curae,
848 3519 1009 3577 rursusque
1022 3519 1177 3578 resurgens

378 3593 477 3656 Saevit
491 3614 584 3668 amor,
600 3614 769 3673 magnoque
783 3594 891 3654 irarum
904 3593 1030 3653 fluctuat
1042 3604 1134 3654 aestu.

380 3687 430 3749 Sic
445 3688 523 3748 adeo
537 3686 653 3762 insistit,
670 3705 831 3763 secumque
844 3685 887 3748 ita
901 3686 991 3747 corde
1005 3686 1138 3747 volutat:

379 3782 436 3855 En,
452 3780 526 3857 quid
540 3783 618 3858 ago?
636 3799 775 3840 rursusne
788 3798 899 3857 procos
912 3778 997 3839 irrisa
1008 3779 1121 3857 priores

380 3873 531 3951 Experiar,
547 3874 779 3949 Nomadumque
793 3884 896 3950 petam
909 3871 1061 3934 connubia
1074 3873 1209 3952 supplex,

380 3967 467 4043 Quos
481 3986 538 4045 ego
553 3967 609 4026 sim
621 3963 711 4028 toties
722 3966 786 4043 jam
801 3964 963 4044 dedignata
975 3966 1117 4027 maritos?
