3550 4859
658 561 867 619 marronea
890 568 950 619 ua.
974 566 1007 612 11.
1284 570 1319 631 17

343 720 431 778 Ferre
444 714 727 794 potest„caliddque
741 714 900 776 involvitur
913 714 1045 792 undique
1058 714 1161 792 fum03
1198 768 1201 773 .

342 813 473 887 Quoque
487 820 536 870 eat
549 819 601 870 aut
613 807 666 869 ubi
680 809 727 883 sit,
742 808 829 885 picea
844 807 971 884 caligine
985 817 1081 870 tectus

342 902 457 978 Nescit,
473 913 503 963 et
517 902 638 963 arbitrio
651 902 806 962 volucrum
818 911 953 978 raptatur
967 920 1119 978 equorum.

341 997 490 1074 Sanguine
505 1007 576 1057 tunc
589 996 716 1056 credunt
729 994 760 1053 in
774 1012 903 1071 corpora
916 1012 1032 1054 summa
1044 1004 1152 1056 vocato

341 1090 525 1167 Aethiopum
539 1090 670 1167 populos
683 1088 800 1165 nigrum
814 1087 938 1148 traxisse
952 1087 1106 1161 colorem3
1133 1123 1135 1127 ν

341 1184 428 1242 Tunc
442 1184 522 1243 facta
534 1192 580 1243 est
595 1182 691 1260 Libye
704 1181 796 1258 raptis
810 1179 986 1242 humoribus
1000 1191 1085 1240 aestu

340 1276 453 1350 Arida3
472 1285 544 1335 tunc
558 1275 718 1353 Nymphae
732 1272 828 1351 passis
842 1275 1001 1350 fontesque
1015 1273 1158 1351 lacusque

341 1368 496 1428 Deflevere
511 1368 627 1432 comis:
641 1369 758 1446 quaerit
772 1368 898 1430 Boeotia
912 1367 1032 1439 Dircen,

340 1463 437 1538 Argos
453 1463 652 1539 Amymonen,
669 1462 788 1539 Ephyre
803 1458 959 1522 Pirenidas
974 1458 1078 1519 undas

340 1556 371 1613 N
373 1573 408 1614 ec
421 1554 525 1615 sortita
539 1555 607 1616 loco
621 1554 767 1617 distantes
781 1552 904 1614 flumina
917 1550 997 1629 ripas

340 1650 421 1707 Tuta
434 1659 576 1713 manent:
595 1647 702 1709 mediis
715 1646 828 1709 Tanais
841 1644 966 1707 fumavit
979 1644 1010 1704 in
1025 1642 1122 1719 undis,

342 1742 521 1817 Peneosque
534 1760 627 1802 senex
639 1740 919 1819 Teuthranteusque
934 1738 1043 1803 Caicus

339 1836 380 1893 Et
394 1835 474 1894 celer
488 1834 625 1895 Ismenos
638 1852 708 1895 cum
722 1832 894 1911 Psophideo
910 1831 1101 1911 Erymantho,

338 1930 526 2003 Arsurusque
541 1926 646 1987 iterum
660 1927 799 1988 Xanthus
812 1927 967 2004 flavusque
982 1928 1152 2005 Lycormas,
1280 1954 1291 1982 2

339 2019 460 2098 Quique
474 2018 632 2095 recurvatis
645 2019 722 2081 lndit
735 2021 917 2081 Maeandros
931 2018 963 2080 in
977 2018 1073 2093 undis,

340 2113 582 2191 Mygdoniusque
597 2114 696 2174 Melas
708 2123 740 2174 et
753 2112 916 2174 Taenarius
932 2114 1058 2174 Eurotas
1068 2134 1078 2187 3

338 2206 420 2266 Arsit
435 2216 465 2266 et
480 2206 646 2284 Euphrates
661 2204 850 2284 Babylonius,
865 2204 937 2267 arsit
951 2207 1091 2279 Orontes
1211 2199 1213 2203 ’

338 2300 594 2376 Thermodonque
607 2298 683 2360 citus
697 2302 877 2377 Gangesque
892 2309 924 2360 et
937 2299 1042 2359 Phasis
1056 2312 1086 2360 et
1101 2302 1196 2375 Ister,

338 2395 465 2453 Aestuat
479 2393 623 2470 Alpheos,
637 2392 720 2469 ripae
733 2391 928 2469 Spercheides
943 2392 1067 2467 ardent,

339 2486 490 2563 Quodque
505 2505 559 2546 suo
573 2488 675 2563 Tagus
687 2504 775 2545 amne
789 2484 879 2559 vehit,
895 2484 960 2546 fluit
974 2485 1100 2562 ignibus,
1117 2504 1239 2562 aurum,

339 2579 386 2651 Et,
402 2598 479 2656 quae
495 2578 652 2640 Maeonias
665 2579 859 2640 celebrabant
871 2578 1002 2639 carmine
1016 2578 1104 2656 ripas,

340 2670 513 2732 Flumineae
527 2672 662 2732 volucres
675 2671 776 2732 medio
790 2672 907 2732 caluere
923 2673 1055 2749 Caystro.

338 2764 425 2824 Nilus
440 2765 472 2824 in
486 2776 650 2826 extrenmm
663 2764 738 2843 fugit
752 2764 922 2842 perterritus
936 2766 1048 2838 orbem,

339 2857 538 2934 Occuluitque
553 2868 650 2935 caput,
666 2858 749 2935 quod
763 2858 862 2918 adhuc
875 2859 967 2918 latet:
987 2857 1064 2918 ostia
1077 2868 1192 2936 septem
1278 2851 1314 2928 253

250 2956 262 2982 ³
337 2950 548 3011 Pulverulenta
559 2962 667 3011 vacant
681 2961 797 3028 septem
810 2950 874 3011 sine
888 2950 1012 3011 flumine
1025 2951 1126 3011 valles.

336 3044 412 3103 Fors
426 3044 532 3104 eadem
547 3044 696 3119 Ismarios,
713 3046 850 3105 Hebrum
866 3063 935 3104 cum
950 3046 1116 3122 Strymone,
1133 3045 1223 3107 siocat

336 3135 563 3213 Hesperiosque
576 3156 690 3211 amnes,
706 3137 848 3199 Rhenum
863 3138 1106 3214 Rhodanumque
1127 3139 1311 3217 Padumque,

336 3230 455 3307 Cuique
469 3229 525 3289 suit
538 3249 635 3291 rerum
649 3229 795 3307 promissa
807 3230 950 3307 potentia,
966 3230 1108 3309 Thybrin.

334 3321 453 3383 Dissilit
468 3341 557 3383 omne
572 3324 676 3397 solum,
691 3333 887 3400 penetratque
901 3323 932 3383 in
947 3326 1070 3384 Tartara
1083 3323 1164 3385 rimis
1277 3343 1314 3381 κ»

334 3418 454 3476 Lumen
469 3427 499 3476 et
512 3415 659 3476 infernum
673 3426 761 3477 terret
774 3435 844 3478 cum
858 3418 987 3494 conjuge
1001 3436 1099 3494 regem
1110 3439 1120 3493 ;
1160 3484 1163 3488 ¹

334 3510 377 3568 Et
390 3528 471 3568 mare
484 3509 674 3583 contrahitur,
690 3508 847 3587 siccaeque
861 3520 907 3570 est
921 3529 1044 3589 campus
1058 3530 1165 3571 arenae
1296 3565 1297 3569 ,

333 3601 429 3677 Quod
443 3603 536 3664 modo
551 3611 661 3680 pontus
675 3613 746 3675 erat,
761 3622 898 3681 quosque
913 3604 1007 3665 altum
1021 3614 1133 3666 texerat
1148 3624 1267 3683 aequor,

333 3694 491 3755 Exsistunt
504 3705 622 3756 montes
636 3706 666 3756 et
680 3714 798 3773 sparsas
812 3697 961 3774 Cycladas
975 3708 1091 3775 augent

333 3789 405 3846 Ima
418 3798 523 3863 petunt
536 3787 642 3865 pisces,
657 3807 714 3849 nec
728 3808 760 3850 se
774 3808 864 3866 super
876 3809 1007 3867 aequora
1020 3790 1101 3851 curvi
1277 3809 1312 3859 2⁶5

331 3880 455 3940 Tollere
469 3892 628 3942 consuetas
641 3883 753 3944 audent
767 3882 924 3959 delphines
939 3882 969 3941 in
984 3901 1076 3945 auras.

332 3973 472 4050 Corpora
485 3973 648 4051 phocarum
662 3993 780 4038 sunuuo
793 3974 933 4067 resupina
945 3975 1094 4054 profundo

536 4079 549 4108 2
