3550 4859
690 585 1022 636 ommuni·

358 732 598 813 Eumenidesque
613 744 713 810 satan
733 745 796 796 tum
809 747 897 815 partu
908 738 1002 798 'Petra
1014 736 1146 799 nefando

357 832 533 906 Coeumque
548 829 745 906 Iapetumque
759 841 848 905 creat,
864 849 1044 909 merumque
1056 831 1212 909 Typhoea,

357 925 397 983 Et
410 924 580 999 conjuratos
594 922 713 982 coelum
726 922 896 984 rescindere
908 925 1019 985 banos
1320 937 1324 943 '

355 1017 416 1077 Ter
430 1025 499 1076 sunt
512 1014 613 1075 conati
626 1014 780 1092 imponere
795 1016 880 1078 Pelio
895 1017 1006 1079 umam

355 1109 483 1183 Scilicet,
499 1120 587 1185 atque
603 1108 700 1168 Ossae
713 1109 888 1174 frondosum
902 1109 1052 1171 involvere
1067 1110 1251 1191 Olympum3

353 1204 416 1262 Ter
429 1204 518 1261 Pater
531 1210 697 1261 exstituros
711 1200 829 1278 disjecit
842 1204 966 1265 r'rrlrnine
979 1214 1104 1267 montes

354 1295 488 1373 Septima
501 1304 570 1371 post
584 1293 732 1354 decimam
745 1294 816 1354 felix
831 1306 861 1357 et
873 1315 987 1373 ponere
1000 1297 1099 1374 vitem,

354 1390 396 1449 Et
409 1405 535 1465 prensos
548 1386 695 1448 domitare
708 1387 810 1462 boves,
826 1399 857 1448 et
870 1389 940 1449 licia
953 1391 1030 1451 telae

352 1482 475 1541 Addere
486 1501 495 1556 3
514 1499 596 1540 noua
608 1481 695 1558 fugae
708 1480 822 1555 melior,
837 1482 985 1543 contraria
997 1483 1089 1544 furtis

396 1575 496 1633 Multa
511 1573 587 1641 adeo
601 1573 701 1651 gelida
714 1573 820 1633 melius
834 1592 867 1635 se
880 1586 970 1637 noete
984 1576 1102 1653 dedere,

352 1668 415 1728 Aut
430 1686 522 1743 quum
538 1668 600 1726 sole
613 1685 695 1726 novo
709 1677 800 1751 terras
814 1667 918 1729 irrorat
932 1671 1021 1729 Eous

352 1762 454 1819 Nocte
468 1760 548 1819 leves
562 1760 668 1819 melius
682 1760 817 1837 stipulae,
832 1772 924 1822 nocte
937 1762 1019 1823 arida
1031 1774 1117 1841 prata

351 1854 550 1927 Tondentur3
568 1864 674 1913 noctes
688 1854 785 1914 lentus
799 1850 860 1915 non
876 1856 977 1916 deficit
989 1856 1103 1919 humor.

354 1948 394 2008 Et
407 1945 531 2023 quidam
545 1964 626 2007 seros
639 1946 755 2007 hiberni
769 1948 808 2008 ad
822 1947 943 2010 luminis
957 1948 1041 2027 ignes

354 2039 521 2117 Pervigilat,
537 2041 672 2117 ferroque
685 2040 766 2101 faces
780 2041 909 2119 inspicat
923 2054 1031 2119 acut03

354 2136 476 2194 Interea
489 2134 610 2211 longum
624 2143 714 2194 oentu
729 2136 827 2195 solata
840 2137 974 2197 laborem

353 2230 471 2305 Arguto
483 2229 595 2304 conjux
608 2227 750 2304 percurrit
764 2229 884 2305 pectine
898 2232 981 2305 telas,

353 2323 416 2382 Aut
430 2320 525 2382 dulcis
539 2320 628 2381 musti
642 2314 779 2382 Vulcano
794 2323 937 2401 decoquit
951 2324 1107 2388 humorem

355 2416 394 2474 Et
408 2414 486 2475 soliis
499 2414 612 2474 trudam
625 2414 732 2492 trepidi
746 2415 906 2493 despumat
920 2417 994 2478 aeni.

353 2509 395 2568 At
409 2507 574 2568 rubicunda
588 2510 680 2569 Ceres
693 2508 795 2569 medio
809 2509 971 2571 succiditur
984 2522 1075 2587 aestu,

354 2602 394 2660 Et
409 2600 510 2661 medio
522 2610 616 2661 tostas
630 2611 714 2662 aestu
727 2602 795 2662 terit
809 2621 878 2663 area
890 2604 995 2682 fruges.

354 2694 463 2753 Nudus
477 2713 535 2768 ara,
551 2713 615 2754 sere
629 2695 747 2769 nudus;
767 2695 862 2756 hiems
876 2696 984 2775 ignava
997 2699 1115 2758 colono.

354 2785 526 2863 Frigoribus
539 2798 624 2864 parto
639 2787 785 2865 agricolae
799 2790 974 2880 plerumquq
991 2792 1132 2864 duumuir,

354 2880 522 2956 Mutuaque
537 2879 614 2940 inter
627 2900 660 2941 se
674 2881 743 2942 laeti
757 2881 895 2942 convivia
908 2894 1033 2958 curant;

353 2972 467 3032 Invitat
480 2972 603 3050 genialis
616 2973 712 3034 hiems
725 2993 870 3052 curasque
883 2977 1022 3037 resolvit:

354 3066 421 3126 Ceu
436 3085 554 3143 pressae
569 3085 661 3143 quum
672 3069 735 3144 jarn
749 3079 868 3146 portum
884 3069 1006 3147 tetigere
1019 3068 1148 3144 carinae,

352 3158 511 3236 Puppibus
525 3170 555 3219 et
569 3159 636 3220 laeti
651 3171 760 3222 nautae
774 3162 943 3241 imposuere
957 3182 1089 3224 coronas

351 3252 415 3313 Sed
430 3263 529 3311 tamen
544 3263 574 3312 et
588 3271 715 3329 quernas
729 3256 853 3333 glandes
867 3267 931 3317 tum
946 3255 1088 3334 stringere
1102 3266 1220 3335 tempus
1316 3260 1319 3264 ’

352 3347 395 3405 Et
409 3344 483 3404 lauri
496 3344 604 3406 baccas
618 3348 777 3425 oleamque
792 3360 974 3426 cruentaque
988 3361 1103 3429 myrta3

350 3440 434 3498 Tum
448 3438 568 3516 gruibus
581 3440 704 3517 pedicas
718 3452 749 3502 et
762 3442 837 3501 retia
849 3460 962 3519 ponere
976 3442 1079 3518 cervis,

351 3530 535 3609 Auritosque
551 3534 635 3610 sequi
649 3536 786 3611 lepores3
806 3546 869 3594 tum
883 3535 973 3612 figere
987 3536 1099 3611 damas,

352 3627 490 3703 Stuppea
503 3637 692 3704 torquentem
708 3626 838 3687 Balearis
850 3629 973 3688 verbera
986 3628 1105 3702 fundae,

351 3720 456 3795 Quum
471 3720 523 3779 nix
535 3721 596 3780 alta
607 3722 696 3797 jacet,
711 3719 837 3796 glaciem
851 3739 943 3797 quurn
956 3720 1081 3781 flumina
1093 3721 1222 3784 trudunt.
1294 3749 1332 3792 aa

394 3814 477 3890 Quid
492 3823 685 3890 tempestates
699 3812 833 3872 autumni
847 3822 878 3873 et
892 3813 989 3875 sidera
1002 3814 1108 3889 dicam,

350 3909 465 3985 Atque,
481 3906 533 3966 ubi
545 3908 608 3983 jam
621 3906 799 3983 breviorque
813 3906 877 3967 dies
892 3916 923 3967 et
935 3907 1054 3968 mollior
1067 3917 1172 3983 aestas,

351 4002 441 4078 Quae
455 3998 607 4077 vigilanda
619 3998 709 4059 viris?
728 4000 777 4060 vel
791 4015 883 4077 quum
896 3999 956 4062 ruit
968 4000 1149 4063 imbriferum
1160 4019 1221 4075 ver,
