3550 4859
401 548 459 606 ¹44
697 542 723 590 e.
745 546 878 591 maurum
900 546 1043 592 mostra

397 693 537 765 Venerat,
554 688 660 752 insano
675 692 862 753 Cassandrae
876 692 1017 752 incensus
1030 685 1140 766 amore,

398 787 437 845 Et
450 803 543 863 gener
556 785 698 845 auxilium
713 785 831 844 Priamo
846 785 1072 862 Phrygibusque
1085 784 1208 860 ferebat,

398 877 515 951 Infelix,
533 878 585 954 qui
598 895 660 938 non
674 896 805 955 sponsae
818 888 979 955 praecepta
991 878 1117 962 furentis
1338 901 1380 948 m

397 970 542 1030 Audierit.

397 1064 481 1139 Quos
495 1062 547 1122 ubi
561 1063 711 1121 consertos
725 1063 835 1123 audere
850 1062 881 1122 in
895 1064 1010 1140 proelia
1023 1063 1093 1137 vidi,

397 1154 515 1234 Incipio
529 1174 618 1231 super
633 1154 699 1213 his:
720 1156 860 1230 Juvenes,
875 1154 1037 1215 fortissima
1049 1156 1157 1218 frustra
1215 1226 1218 1232 ,

397 1250 531 1322 Pectora,
547 1248 573 1307 si
587 1247 674 1315 vobis
689 1248 850 1308 audentem
864 1258 996 1308 extrema
1009 1249 1120 1325 cupido

396 1343 488 1402 Certa
500 1340 593 1417 sequi,
609 1359 686 1417 quae
700 1341 739 1400 sit
752 1341 842 1406 rebus
856 1342 975 1400 fortuna
987 1341 1114 1404 videtis:
1338 1369 1377 1411 aso

396 1436 561 1494 Excessere
574 1452 689 1507 omnes,
704 1434 802 1511 adytis
816 1432 937 1510 arisque
947 1433 1068 1507 relictis,

396 1527 445 1602 Di,
461 1529 570 1605 quibus
584 1526 740 1603 imperium
754 1528 812 1587 hoc
826 1536 949 1588 steterat
960 1550 970 1603 3
990 1527 1161 1588 succurritis
1176 1526 1244 1588 urbi

395 1626 544 1683 Incensae
557 1643 566 1697 ;
585 1620 754 1695 moriamur,
769 1633 800 1682 et
813 1621 844 1695 'm
859 1620 959 1681 media
972 1640 1054 1681 arma
1067 1640 1195 1682 ruamus.

396 1718 468 1777 Una
482 1716 562 1776 salus
576 1714 671 1787 victis,
687 1714 799 1773 nullam
813 1731 934 1790 sperare
948 1714 1083 1774 salutem.

397 1809 447 1869 Sic
461 1808 569 1869 animis
587 1808 732 1887 juvenum
745 1806 825 1865 furor
839 1807 968 1867 additus.
1012 1807 1098 1880 Inde,
1114 1804 1175 1883 lupi
1189 1824 1244 1866 ceu
1339 1833 1377 1874 353

396 1903 548 1978 Raptores
564 1911 627 1960 atra
640 1898 671 1957 in
686 1898 804 1972 nebula,
821 1918 897 1976 quos
912 1899 1048 1976 improba
1062 1899 1174 1959 ventris

397 1994 504 2072 Exegit
517 2011 626 2053 caecos
640 1991 749 2064 rabies,
764 1992 915 2069 catulique
928 1991 1024 2052 relicti

396 2087 546 2147 Faucibus
560 2094 738 2162 exspectant
752 2084 848 2159 siccis,
863 2104 918 2163 per
931 2086 999 2160 tela,
1014 2105 1068 2163 per
1080 2086 1183 2146 hostes

396 2179 542 2239 Vadimus
556 2181 638 2239 haud
652 2178 775 2239 dubiam
789 2177 821 2237 in
835 2188 971 2252 mortem,
986 2179 1162 2255 mediaeque
1177 2187 1314 2239 tenemus

397 2272 490 2332 Urbis
504 2272 579 2347 iter,
600 2292 660 2331 nox
674 2282 737 2332 atra
751 2291 825 2332 cava
838 2272 1032 2332 circumvolat
1045 2272 1158 2331 umbra.
1340 2283 1382 2336 ³⁶0

398 2365 474 2441 Quis
488 2366 605 2426 cladem
620 2366 699 2425 illius
714 2366 819 2439 noctis,
836 2364 903 2442 quis
917 2365 1021 2425 funera
1034 2365 1126 2424 fando

398 2458 543 2535 Explicet,
559 2469 610 2519 aut
623 2457 720 2537 possit
733 2460 862 2519 lacrimis
877 2477 1005 2535 aequare
1016 2458 1159 2519 labores?

398 2552 481 2610 Urbs
496 2550 621 2628 antiqua
634 2552 700 2625 ruit,
719 2552 829 2611 multos
843 2551 997 2611 dominata
1009 2570 1063 2628 per
1077 2569 1192 2625 annos3

399 2644 529 2703 Plurima
543 2662 655 2720 perque
668 2645 732 2704 vias
747 2655 917 2705 sternuntur
930 2642 1036 2705 inertia
1048 2645 1160 2722 passim

399 2738 534 2814 Corpora
547 2756 660 2814 perque
675 2739 782 2799 domos
796 2748 827 2798 et
840 2738 979 2818 religiosa
993 2740 1117 2799 deorum
1341 2753 1382 2804 ³⁶⁵

399 2829 524 2889 limina.
568 2832 633 2890 Nec
648 2830 703 2890 soli
717 2850 831 2908 poenas
845 2833 919 2892 dant
933 2832 1077 2909 sanguine
1091 2832 1219 2908 Teucri,

400 2923 560 2999 Quondam
575 2923 665 2982 etiam
678 2924 765 2984 victis
778 2926 856 2985 redit
870 2925 902 2983 in
916 2925 1092 3002 praecordia
1105 2925 1198 2985 virtus
1319 2916 1323 2926 '

399 3016 597 3092 Victoresque
612 3017 723 3077 cadunt
737 3017 844 3078 Danai
888 3019 1028 3079 Crudelis
1041 3017 1152 3095 ubique

400 3111 521 3182 Luctus,
537 3109 647 3185 ubique
662 3128 763 3186 pavor,
779 3121 810 3171 et
822 3110 951 3188 plurima
965 3112 1069 3172 mortis
1082 3111 1188 3190 imago.

442 3199 557 3262 Primus
571 3221 613 3275 se,
629 3204 768 3263 Danaum
782 3224 890 3283 magna
905 3205 1066 3266 comitante
1080 3214 1207 3279 caterva,
1342 3235 1382 3275 370

400 3296 580 3374 Androgeos
595 3297 682 3356 offert
695 3297 791 3371 nobis,
804 3299 885 3358 socia
898 3298 1019 3377 agmina
1032 3298 1159 3359 credens

402 3388 527 3462 Inscius,
543 3399 632 3465 atque
646 3390 724 3449 ultro
737 3391 836 3450 verbis
849 3393 1011 3469 compellat
1024 3390 1147 3452 amicis:

403 3479 563 3555 Festinata,
578 3481 642 3541 viri.
685 3483 765 3541 Nam
780 3502 857 3559 quae
871 3494 933 3543 tam
947 3503 1014 3545 sera
1027 3494 1160 3545 moratur

403 3573 570 3650 Segnities?
611 3573 672 3633 Alii
685 3575 802 3651 rapiunt
816 3576 940 3638 inoensa
953 3577 1110 3654 feruntque

403 3669 567 3745 Pergama,
587 3686 641 3727 vos
655 3668 744 3727 celsis
758 3687 838 3729 nunc
852 3668 979 3746 primum
993 3671 1149 3731 anavibus
1164 3669 1222 3731 itis.
1344 3699 1381 3740 375

403 3759 495 3833 Dixit,
511 3769 542 3820 et
555 3760 714 3837 extemplo,
730 3779 827 3837 neque
842 3762 922 3821 enim
937 3782 1081 3839 responsa
1093 3764 1242 3824 dabantur

404 3853 478 3913 Fida
492 3854 573 3927 satis,
588 3853 683 3913 sensit
696 3855 813 3915 medios
827 3855 969 3933 delapsus
983 3856 1014 3915 in
1028 3858 1138 3917 hostes.

404 3946 575 4024 Obstupuit,
592 3957 729 4024 retroque
742 3947 851 4024 pedem
865 3967 935 4010 cum
948 3968 1023 4010 voce
1038 3951 1185 4027 repressit.
1271 3979 1273 3984 ¹
