3550 4859
338 486 394 529 m
651 483 677 527 P.
698 482 832 527 minorant
853 481 997 527 nakoris

336 629 412 690 Bina
425 648 515 689 manu
530 630 591 689 lato
605 627 737 706 crispans
752 628 870 689 hastilia
882 629 967 689 ferro.

336 721 394 785 Cui
408 733 502 783 mater
516 722 616 782 media
628 742 695 783 sese
709 722 776 783 tulit
789 722 879 782 obvia
893 721 975 795 silva,

334 813 466 892 Virginis
480 834 515 875 os
529 815 724 892 habitumque
737 834 844 894 gerens
858 813 1126 892 etvirginisarma,
1278 842 1317 883 su

335 913 507 989 Spartanae,
521 912 570 971 vel
585 910 680 988 qualis
694 930 788 988 equos
802 910 943 970 Threissa
957 910 1060 988 fatigat

335 1005 507 1083 Harpalyce
521 1005 732 1080 volucremque
746 1004 816 1081 iuga
829 1002 1023 1080 praevertitur
1037 1005 1185 1064 Hebrum.

336 1099 476 1174 Namque
491 1097 620 1157 humeris
634 1098 673 1157 de
687 1116 770 1156 more
784 1096 916 1157 habilem
930 1096 1128 1175 suspenderat
1140 1116 1241 1157 arcum

335 1190 488 1265 venatrix,
505 1191 686 1267 dederatque
700 1208 819 1250 comam
833 1189 1000 1250 diffundere
1013 1189 1120 1264 ventis,

337 1284 429 1344 Nuda
442 1302 529 1360 genu,
544 1284 687 1360 nodoque
701 1283 783 1342 sinus
796 1283 926 1343 collecta
938 1283 1073 1344 fluentes
1279 1312 1319 1351 ,ω

337 1379 384 1436 Ac
398 1375 485 1453 prior,
502 1378 598 1450 Heus,
614 1376 719 1452 inquit,
732 1377 866 1456 juvenes,
882 1387 1054 1451 monstrate,
1069 1394 1203 1437 mearum

336 1469 462 1530 Vidistis
476 1468 501 1529 si
516 1489 606 1546 quarn
620 1469 670 1530 hic
683 1481 830 1530 errantem
844 1471 919 1531 sorte
934 1489 1077 1544 sororum,

337 1562 524 1624 Succinctam
538 1563 676 1639 pharetra
689 1573 720 1623 et
734 1564 904 1624 maculosae
918 1563 1048 1641 tegmine
1062 1562 1166 1641 lyncis,

336 1658 399 1716 Aut
412 1656 575 1733 spumantis
590 1655 653 1732 apri
666 1675 784 1716 cursum
799 1657 929 1717 clamore
943 1667 1136 1734 prementem.

380 1748 429 1809 Sic
443 1751 566 1824 Venus;
586 1761 616 1809 et
630 1749 756 1810 Veneris
770 1761 874 1811 contra
887 1749 931 1810 sic
944 1750 1022 1810 filius
1036 1768 1138 1809 orsus:
1280 1776 1319 1816 ³2,

338 1842 430 1902 Nulla
444 1852 560 1902 tuarum
574 1841 677 1903 audita
689 1843 762 1903 mihi
776 1862 874 1920 neque
889 1842 953 1903 visa
966 1861 1108 1916 sororum,

339 1937 516 2012 O-quam
531 1947 561 1995 te
575 1955 748 2010 memorem,
762 1935 866 2013 virgo?
886 1955 1016 2013 namque
1030 1935 1111 1996 haud
1125 1933 1179 1995 tibi
1192 1935 1290 1995 vultus

338 2028 484 2102 Mortalis,
500 2048 557 2089 nec
570 2048 630 2089 vox
645 2029 798 2090 hominem
813 2040 919 2090 sonat:
939 2048 967 2103 o,
984 2030 1041 2089 dea
1054 2039 1153 2102 certe,

338 2124 389 2181 An
403 2121 520 2182 Phoebi
534 2125 639 2182 soror?
660 2142 699 2182 an
714 2123 920 2201 Nympharum
935 2121 1086 2199 sanguinis
1099 2124 1181 2182 una?

338 2214 384 2275 Sis
398 2213 476 2289 felix,
491 2225 685 2292 nostrumque
698 2217 787 2289 leves,
803 2234 1018 2292 quaecumque,
1034 2215 1177 2288 laborem,
1280 2242 1320 2283 330

339 2309 387 2382 Et,
403 2327 463 2384 qno
478 2309 535 2368 sub
549 2309 637 2368 coelo
650 2309 781 2382 tandem,
794 2308 902 2384 quibus
916 2307 998 2368 orbis
1013 2307 1043 2367 in
1058 2307 1116 2368 on's

338 2402 499 2478 Jactemur,
515 2400 644 2462 doceas:
665 2401 758 2478 ignari
772 2401 987 2478 hominumque
1001 2402 1194 2479 locorumque

340 2496 487 2568 Erramus,
503 2505 594 2554 vento
608 2495 667 2554 huc
680 2494 771 2555 vastis
785 2504 815 2555 et
829 2493 967 2555 fluctibus
981 2493 1058 2554 acti:

340 2588 439 2648 Multa
453 2587 508 2648 tibi
522 2598 591 2648 ante
606 2607 671 2648 aras
685 2598 787 2648 nostra
800 2588 889 2648 cadet
903 2587 1001 2648 hostia
1015 2588 1134 2647 dextra·

380 2683 459 2741 Turn
473 2683 597 2741 Venus:
618 2682 711 2740 Haud
725 2681 865 2757 equidem
880 2681 933 2741 tali
947 2700 995 2741 me
1010 2680 1117 2758 dignor
1129 2680 1263 2755 honore3
1281 2708 1319 2749 ῃ,

339 2773 511 2851 Virginibus
525 2774 623 2851 Tyriis
637 2793 703 2834 mos
718 2785 762 2834 est
775 2784 890 2851 gestare
904 2774 1081 2851 pharetram,

341 2869 553 2944 Purpureoque
568 2867 626 2926 alte
641 2886 723 2926 suras
737 2867 848 2927 vincire
863 2868 1019 2927 cothurno.

341 2959 456 3020 Punica
470 2978 562 3035 regna
574 2958 666 3032 vides,
682 2959 789 3037 Tyrios
802 2970 832 3019 et
847 2959 993 3037 Agenoris
1007 2960 1131 3036 urbem3

340 3051 401 3112 Sed
414 3052 489 3111 fines
504 3050 617 3129 Libyci,
632 3071 726 3128 genus
739 3051 925 3114 intractabile
939 3054 1027 3113 bello.

340 3144 505 3222 Imperium
520 3144 602 3205 Dido
617 3144 707 3223 Tyria
719 3145 794 3223 regit
807 3147 880 3206 urbe
894 3146 1035 3223 prosecta,
1282 3174 1320 3215 w

340 3240 525 3301 Germanum
539 3238 661 3315 fugiens.
706 3241 812 3317 Longa
825 3249 871 3300 est
884 3238 999 3316 injuria,
1014 3241 1120 3317 longae

341 3333 514 3409 Ambages;
534 3332 587 3392 sed
602 3350 718 3392 summa
732 3351 839 3409 sequar
851 3332 968 3409 fastigia
980 3352 1085 3392 rerum

341 3426 426 3486 Huic
439 3427 550 3501 conjux
565 3426 715 3503 Sychaeus
729 3437 800 3499 erat,
816 3424 976 3486 ditissimus
990 3425 1051 3502 agri

341 3519 536 3593 Phoenicum,
552 3529 583 3579 et
595 3538 705 3596 magno
719 3518 843 3578 miserae
857 3517 983 3578 dilectus
997 3537 1106 3591 amore,

341 3612 400 3674 Cui
414 3624 498 3689 pater
511 3611 653 3673 intactam
667 3612 799 3685 dederat,
814 3610 975 3688 primisque
987 3613 1105 3690 jugarat

341 3705 509 3767 Ominibus.
552 3705 612 3765 Sed
625 3724 716 3782 regna
729 3703 800 3782 Tyri
813 3722 971 3781 germanus
984 3705 1115 3764 habebat

338 3797 526 3877 Pygmalion,
542 3799 652 3858 scelere
667 3809 736 3859 ante
750 3797 823 3857 alios
837 3796 995 3857 immanior
1008 3816 1121 3856 omnes

342 3891 428 3968 Quos
442 3890 649 3954 intermedius
662 3889 843 3952 renitimur.
887 3891 945 3951 Ille
960 3890 1127 3968 Sychaeum
