3550 4859
444 544 501 619 236
759 560 784 603 s.
804 559 938 602 uxorari
960 560 1103 604 monis

444 705 482 763 Et
497 704 556 763 fors
570 721 659 763 omne
674 704 776 763 datum
791 704 940 765 traherent
953 724 1007 781 per
1020 704 1090 765 talia
1104 714 1241 782 tempus3

442 798 501 857 Sed
516 816 616 856 comes
632 797 787 856 admonuit
800 796 987 873 breviterque
1002 799 1090 856 affata
1105 797 1218 875 Sibylla
1231 806 1296 860 ast:

443 892 514 950 Nox
527 890 592 963 ruit,
609 893 733 964 Aenea3
753 909 808 949 nos
822 890 925 949 flendo
939 890 1074 951 ducimus
1088 892 1185 951 horas„
1221 881 1232 922 i

443 982 505 1042 Hic
520 984 602 1042 locus
617 993 669 1055 est,
685 994 783 1059 partes
797 982 849 1043 uhi
863 1002 895 1043 se
908 984 958 1043 via
972 983 1057 1050 findit
1071 982 1102 1043 iu
1116 985 1238 1046 ambas:

442 1076 574 1135 Dextera
588 1094 663 1151 quae
679 1075 757 1135 Ditis
772 1076 871 1152 magni
886 1077 942 1136 sub
956 1078 1076 1137 moenia
1089 1078 1193 1152 tendit,

443 1170 513 1227 Hac
527 1168 582 1227 iter
597 1168 728 1246 Elysium
742 1169 849 1244 nobis;
870 1180 901 1229 at
915 1171 1000 1229 laeva
1012 1172 1156 1230 malorum

443 1263 569 1321 Exercet
582 1273 703 1337 poenas,
720 1272 750 1321 et
764 1263 803 1321 ad
817 1261 909 1339 impia
922 1264 1045 1322 Tartara
1058 1262 1156 1323 mittit

444 1353 620 1431 Deiphobus
635 1366 756 1414 contra:
777 1357 826 1415 Ne
840 1355 928 1429 saevi,
945 1375 1054 1433 magna
1068 1358 1228 1432 sacerdos;

443 1435 614 1521 Discedam,
631 1450 758 1524 explebo
773 1467 937 1522 numerum,
952 1450 1118 1526 reddarque
1132 1448 1270 1512 tenebris.
1381 1477 1421 1518 sss

442 1542 458 1598 Ι
474 1541 573 1614 decus,
590 1541 607 1614 i,
624 1553 776 1614 nostrum,
795 1540 969 1601 melioribus
982 1553 1064 1603 utere
1078 1544 1155 1604 fatis.

442 1633 572 1693 Tantum
587 1635 700 1707 effatus,
716 1646 746 1694 et
760 1634 790 1693 in
804 1637 897 1696 verbo
911 1635 1034 1712 vestigia
1047 1636 1138 1696 torsit

484 1726 618 1803 Respicit
634 1731 753 1787 Aeneas
768 1728 875 1802 subito,
892 1739 922 1790 et
936 1731 1080 1805 sub-rupe
1095 1728 1213 1790 sinistra

443 1819 567 1879 Moenia
581 1822 640 1879 lata
653 1820 741 1894 videt,
758 1821 866 1897 triplici
881 1822 1063 1882 circumdata
1076 1841 1169 1896 muro,

442 1912 529 1987 Quae
544 1913 663 1989 rapidus
676 1914 803 1974 flammis
818 1915 912 1974 ambit
925 1915 1105 1975 torrentibus
1119 1914 1225 1990 amnis,
1382 1945 1421 1984 sp

441 2007 599 2066 Tartareus
615 2008 809 2084 Phlegethon,
826 2018 1002 2084 torquetque
1017 2008 1155 2068 sonantia
1169 2028 1247 2075 saxa

442 2101 533 2159 Porta
548 2102 679 2173 adversa,
696 2100 809 2177 ingens,
826 2101 981 2177 solidoque
997 2102 1154 2162 adamante
1168 2103 1337 2179 columnae,

440 2193 495 2253 Vis
510 2205 543 2254 ut
557 2195 638 2253 nulla
651 2194 754 2268 vimm,
769 2214 831 2253 non
846 2194 903 2271 ipsi
917 2194 1088 2255 exscindere
1103 2197 1184 2256 bello

441 2287 613 2348 Coelicolae
626 2289 745 2347 valeant
759 2310 767 2363 ;
788 2297 846 2347 stat
860 2289 953 2347 ferrea
967 2287 1052 2348 turris
1067 2289 1106 2348 ad
1120 2308 1214 2364 auras,

440 2380 666 2459 Tisiphoneque
681 2382 796 2455 sedens,
813 2382 893 2458 palla
907 2382 1059 2441 succincta
1073 2392 1203 2456 cruenta,
1381 2412 1419 2451 55⁵

438 2475 628 2536 Vestibulum
643 2474 792 2535 exsomnis
807 2484 904 2534 servat
917 2485 1080 2551 noctesque
1095 2474 1226 2552 diesque

440 2568 525 2630 Hinc
539 2568 671 2630 exaudiri
686 2566 821 2645 gemitus,
837 2578 868 2628 et
881 2587 970 2627 saeva
984 2587 1090 2628 sonare

438 2660 590 2737 Verbera3
612 2673 674 2723 tum
689 2662 797 2723 stridor
810 2662 885 2735 ferri,
902 2671 1072 2737 tractaeque
1086 2671 1218 2722 catenae.

441 2756 582 2818 Constitit
598 2760 725 2830 Aeneas,
742 2756 924 2833 strepituque
938 2755 1092 2815 exterritus
1107 2754 1210 2815 haesit

441 2850 527 2923 Quae
543 2851 685 2909 scelerum
700 2850 812 2911 facies?
833 2868 852 2910 0
866 2848 957 2925 virgo,
973 2849 1080 2923 effare3
1099 2848 1244 2924 quibusve
1379 2866 1422 2916 φο

440 2943 612 3019 Urguentur
625 2943 751 3019 poenis?
771 2944 837 3020 quis
852 2953 951 3002 tantus
966 2942 1091 3018 plangor
1105 2942 1144 3001 ad
1157 2942 1264 3003 auras?

439 3037 518 3094 Tum
531 3047 612 3095 vates
628 3036 670 3095 sic
684 3054 752 3095 orsa
766 3035 866 3112 loqui:
887 3037 958 3094 Dux
972 3034 1082 3094 inclute
1096 3036 1254 3109 Teucrum,

366 3137 370 3143 '
440 3128 523 3187 Nulli
538 3129 581 3187 fas
595 3139 677 3188 casto
692 3131 865 3188 sceleratum
881 3128 1016 3188 insistere
1030 3127 1121 3187 limen
1134 3149 1143 3203 3

441 3221 499 3280 Sed
507 3239 555 3280 me
567 3241 658 3297 quum
669 3222 742 3281 lucis
752 3224 870 3282 Hecate
880 3222 1022 3299 praefecit
1035 3220 1170 3295 Avemis‚

442 3316 514 3390 Ipsa
528 3314 617 3372 deum
631 3332 743 3389 poenas
758 3314 869 3387 docuit,
884 3333 996 3391 perque
1011 3313 1113 3373 omnia
1126 3312 1218 3374 duxit
1381 3333 1418 3383 ,ος

441 3405 572 3467 Gnosius
586 3406 661 3465 haec
677 3407 923 3467 Rhadamanthus
938 3408 1037 3481 habet,
1053 3406 1210 3467 durissima
1223 3425 1323 3486 regna,

442 3499 634 3575 Castigatque
649 3498 789 3575 auditque
804 3500 899 3572 dolos,
915 3500 1083 3577 subigitque
1096 3499 1191 3575 fateri,

442 3593 528 3666 Quae
543 3591 609 3667 quis
624 3592 703 3668 apud
718 3611 849 3669 superos,
865 3594 942 3652 furto
957 3594 1082 3653 laetatus
1096 3593 1187 3668 inani,

443 3684 564 3744 Distulit
578 3684 608 3742 in
624 3704 717 3744 seram
732 3684 892 3744 commissa
905 3685 1023 3761 piacula
1036 3697 1169 3746 mortem

443 3778 595 3837 Continuo
610 3788 710 3837 sontes
724 3777 811 3837 ultrix
826 3777 959 3838 accincta
973 3778 1093 3857 flagello

441 3870 607 3946 Tisiphone
621 3869 716 3946 quatit
729 3870 882 3944 insultans,
898 3881 1056 3948 torvosque
1071 3871 1188 3933 sinistra

444 3965 600 4022 Intentans
614 3981 726 4041 angues
734 3972 824 4023 vocat
837 3962 957 4040 agmina
970 3982 1059 4025 saeva
1073 3983 1216 4026 sororum.
