3550 4859
700 564 858 610 munos
879 565 938 610 Lis.
962 565 1002 608 Vl.

364 711 497 773 Abstulit
510 699 652 772 atradies
667 720 697 772 et
710 712 813 771 sunere
827 710 928 772 mersit
942 712 1059 773 acerbo.

366 807 434 865 Hos
446 808 532 882 juxta
544 805 620 864 salso
634 804 766 865 damnati
781 804 903 864 crimine
917 803 1028 866 mortis
1301 835 1341 876 er·

365 900 431 958 Nec
445 917 516 958 vero
530 899 587 956 hae
602 897 665 957 sine
680 908 758 957 sorte
773 898 868 971 datae,
884 897 948 957 sine
961 897 1070 974 judice,
1086 896 1193 960 sedes:

365 992 523 1065 Quaesitor
538 990 639 1049 Minos
654 1009 758 1050 urnam
772 1002 892 1065 movet3
912 989 962 1050 ille
977 989 1115 1050 silentum

365 1084 592 1159 Conciliumque
607 1095 695 1143 vocat
708 1083 842 1159 vitasque
857 1095 887 1143 et
901 1082 1024 1142 crimina
1038 1082 1132 1144 discit

364 1178 502 1236 Proxima
515 1177 624 1237 deinde
638 1187 742 1236 tenent
756 1175 861 1236 maesti
875 1177 950 1249 loca,
967 1175 1018 1251 qui
1032 1175 1089 1238 sibi
1101 1177 1195 1238 letum

364 1272 502 1329 Insontes
517 1289 657 1347 peperere
672 1290 771 1342 manu,
786 1261 944 1345 lucemque
958 1270 1056 1346 perosi
1300 1300 1340 1342 43,
1398 1284 1400 1288 ‘

357 1364 518 1439 ,Projecere
532 1363 654 1423 animas.
698 1365 797 1438 Quam
811 1364 921 1423 vellent
934 1363 1054 1422 aethere
1068 1362 1099 1422 in
1113 1364 1175 1424 alto

362 1457 451 1515 Nunc
466 1467 496 1516 et
510 1456 681 1533 pauperiem
695 1467 726 1515 et
740 1457 829 1515 duros
844 1456 970 1533 perferre
986 1456 1120 1516 labores!

361 1550 419 1608 Fas
434 1549 540 1623 obstat,
556 1548 690 1625 tristique
704 1550 790 1626 palus
805 1548 971 1608 inamabilis
985 1549 1066 1608 unda

361 1641 480 1718 Alligat,
496 1652 526 1701 et
540 1642 644 1702 novies
658 1645 730 1721 Styx
743 1642 885 1703 interfusa
900 1645 1025 1703 coercet.

360 1735 427 1795 Nec
442 1737 544 1811 procul
558 1735 629 1796 hinc
643 1747 757 1814 partem
771 1736 828 1796 susi
842 1747 1044 1796 monstrantur
1057 1734 1089 1795 in
1103 1754 1225 1798 omnem
1299 1767 1338 1806 ῳ

360 1829 510 1904 Lugentes
525 1829 641 1906 campi,
660 1829 702 1889 sic
716 1830 783 1889 illos
798 1830 920 1890 nomine
934 1828 1044 1889 dicunt

360 1919 431 1993 Hic,
447 1908 523 1996 qnos
537 1922 627 1982 durus
642 1942 725 1982 amor
739 1923 850 1982 crudeli
865 1925 934 1983 tabe
949 1923 1071 1999 peredit,

361 2014 472 2075 Secreti
487 2017 585 2074 celant
599 2016 689 2074 calles
704 2026 734 2075 et
747 2026 860 2094 myrtea
873 2015 984 2075 circum

358 2106 438 2167 Silva
451 2108 542 2185 tegit3
562 2115 653 2167 curae
663 2128 726 2167 non
741 2108 807 2184 ipsa
820 2109 850 2167 in
865 2119 961 2168 morte
975 2109 1152 2186 relinquunt

360 2200 420 2260 His
432 2202 597 2261 Phaedram
609 2203 800 2278 Procrimque
812 2201 894 2275 locis,
905 2212 1108 2278 maestamque
1118 2201 1288 2281 Eriphylen,
1297 2231 1335 2274 us

359 2294 495 2355 Crudelis
508 2293 571 2354 nati
585 2304 799 2354 monstrantem
813 2297 943 2368 vulnera,
959 2296 1061 2367 cernit,

359 2387 563 2464 Evadnenque
577 2397 608 2447 et
622 2387 789 2463 Pasiphaen
801 2409 810 2460 ;
828 2387 875 2446 his
889 2389 1055 2448 Laodamia

359 2482 390 2540 It
403 2498 513 2554 comes,
529 2491 559 2540 et
570 2481 687 2557 juvenis
701 2481 862 2556 quondam,
877 2500 958 2541 nunc
972 2480 1090 2555 semina,
1107 2483 1252 2558 Caeneus

359 2574 474 2633 Rursus
488 2584 518 2634 et
532 2573 562 2633 in
576 2585 706 2633 veterem
720 2574 781 2632 sato
795 2575 929 2633 revoluta
942 2575 1072 2651 figuram.

360 2669 442 2726 Inter
456 2686 529 2744 quas
545 2666 708 2726 Phoenissa
721 2685 824 2726 recens
839 2687 857 2727 a
870 2669 989 2727 vulnere
1005 2669 1087 2728 Dido
1296 2699 1335 2738 uo

359 2761 482 2819 Errabat
497 2759 570 2819 silva
583 2760 614 2819 in
628 2779 754 2837 magna;
771 2780 861 2837 quam
875 2760 1085 2822 Troiusheros

359 2854 403 2913 Ut
416 2852 542 2930 primum
555 2854 639 2931 juxta
654 2853 734 2913 stetit
749 2852 928 2930 agnovitque
943 2874 996 2931 per
1009 2856 1144 2914 umbram

358 2947 532 3020 Obscuram,
548 2949 667 3023 qualem
682 2946 778 3023 primo
794 2946 844 3022 qui
860 2966 976 3023 surgere
990 2967 1093 3008 mense

357 3040 420 3098 Aut
432 3039 522 3112 videt,
535 3051 587 3099 aut
598 3038 709 3098 vidisse
722 3049 808 3116 putat
821 3058 874 3115 per
888 3039 990 3100 nubila
1004 3042 1112 3114 lunam,

357 3132 485 3191 Demisit
500 3133 643 3205 lacrimas,
659 3132 799 3209 dulcique
814 3133 919 3191 affatus
934 3152 1034 3193 amore
1048 3145 1112 3195 est:
1294 3165 1333 3206 455

358 3225 465 3284 Infelix
480 3225 570 3299 Dido,
585 3245 671 3285 verus
684 3225 757 3284 mihi
771 3224 892 3285 nuntius
907 3244 977 3301 ergo

355 3319 487 3377 Venerat
502 3318 686 3391 exstinctam,
702 3319 839 3395 ferroque
854 3330 985 3378 extrema
1000 3323 1151 3381 secutam?

356 3411 479 3471 Funeris
493 3412 551 3471 heu
567 3410 620 3471 tibi
634 3430 741 3471 caussa
754 3412 815 3473 fuir
856 3414 913 3472 Per
927 3411 1023 3472 sidera
1033 3414 1109 3491 juro,

276 3499 279 3506 ’
356 3505 413 3563 Per
426 3522 548 3580 superos
563 3505 631 3563 etsi
646 3524 705 3581 qua
719 3506 793 3564 fides
807 3506 910 3566 tellure
925 3506 981 3565 sub
995 3505 1055 3565 ima
1068 3516 1122 3580 est,

355 3596 478 3669 Invitus,
494 3597 602 3673 regina,
614 3606 667 3657 tuo
682 3599 720 3657 de
735 3599 820 3658 litore
835 3598 920 3658 cessi.
1293 3619 1333 3670 μ

355 3688 416 3750 Sed
430 3709 479 3749 me
490 3692 573 3766 jussa
587 3690 685 3764 deum,
701 3711 777 3767 quae
792 3710 872 3750 nunc
886 3691 940 3751 has
954 3690 995 3752 ire
1009 3712 1064 3769 per
1077 3686 1205 3769 umbras,

355 3785 412 3842 Per
425 3784 492 3842 loca
507 3794 591 3842 senta
605 3782 662 3842 situ
676 3795 787 3860 cogunt
800 3796 980 3861 noctemque
995 3787 1179 3862 profundam,

354 3875 490 3952 Imperiis
505 3896 592 3953 egere
606 3876 686 3952 suis3
707 3897 763 3938 nec
777 3880 898 3939 credere
912 3878 991 3955 quivi

355 3970 448 4029 Hunc
462 3978 577 4029 tanturn
591 3968 646 4052 tibi
659 3988 708 4030 me
723 3970 856 4031 discessu
870 3971 945 4032 ferre
959 3971 1100 4033 dolorem.
