3550 4859
692 588 855 635 mim
871 587 934 636 ‘mi
955 590 983 637 V.

352 736 430 813 Quis
444 737 554 797 innexa
566 736 675 814 pedem
689 738 770 798 malo
783 738 937 815 pendebat
946 738 1062 805 {hallo
1074 758 1084 815 ς

354 832 413 890 Illa
426 841 515 891 notos
529 841 621 907 atque
634 842 698 890 atra
710 832 816 891 volans
829 832 861 891 in
875 832 979 893 nubila
992 832 1074 911 urgit.
1093 839 1095 844 ’

352 923 431 983 Tum
445 924 574 1000 rapidus,
588 924 764 999 jamdudum
778 943 848 984 arcu
862 934 1006 985 contenta
1019 934 1124 1002 parato

350 1017 430 1076 -Tela
443 1026 557 1088 tenens,
573 1017 691 1103 fratrem
708 1017 851 1094 Eurytion
866 1018 898 1076 in
911 1028 983 1077 vota
995 1018 1120 1094 vocavit,

353 1112 422 1187 Jam
436 1129 532 1169 vacuo
546 1110 654 1168 laetam
667 1111 755 1169 coelo
769 1112 948 1187 speculatus,
964 1120 996 1171 et
1008 1112 1064 1172 alls

353 1204 551 1262 Plaudentem
565 1201 650 1280 nigra
663 1202 728 1280 iigit
742 1204 799 1262 sub
813 1204 893 1263 nithe
907 1204 1084 1265 columbam.

353 1295 476 1356 Decidit
491 1295 644 1367 exanimis,
659 1296 811 1372 vitamque
825 1297 945 1373 reliquit
959 1298 989 1355 in
1004 1298 1092 1358 astris

353 1389 514 1460 Aetheriis,
529 1388 679 1463 fixamque
693 1390 782 1448 refert
796 1389 922 1465 delapsa
933 1390 1081 1468 sagittam.

351 1481 474 1542 Amissa
489 1482 568 1540 solus
582 1482 681 1557 palma
695 1484 856 1558 superabat
869 1485 1018 1559 Acestes3

352 1576 413 1650 Qui
428 1585 527 1634 tamen
543 1574 638 1643 aerias
653 1576 744 1633 telum
759 1575 916 1635 contendit
929 1575 960 1633 in
974 1593 1070 1649 auraS,

352 1669 518 1729 Ostentans
533 1677 686 1743 artemque
699 1679 785 1744 pater
797 1684 960 1744 arcumque
975 1678 1139 1728 sonantem.

353 1761 415 1820 Hic
429 1760 524 1820 oculis
539 1760 670 1819 subitum
683 1760 822 1839 objicitur
835 1779 1005 1837 magnoque
1018 1761 1148 1820 futurum

352 1853 487 1931 Augurio
501 1863 667 1912 monstrum
679 1874 686 1924 ;
706 1854 810 1912 docuit
823 1864 893 1930 post
906 1853 1003 1913 exieus
1017 1854 1133 1933 ingens,

352 1948 486 2023 Seraque
501 1945 618 2005 terrifici
633 1947 806 2006 cecinerunt
819 1947 922 2007 omina
933 1957 1026 2007 vates.

353 2041 492 2115 Namque
506 2040 610 2099 voians
625 2040 745 2115 liquidis
760 2039 790 2097 in
805 2039 937 2099 nubibus
945 2040 1022 2101 arsit
1035 2040 1159 2115 arundo,

353 2132 545 2211 signavitque
559 2132 637 2190 viam
651 2132 786 2206 flammis,
801 2144 967 2211 tenuesque
981 2134 1103 2194 recessit

355 2227 543 2302 Consumpta
556 2225 586 2283 in
601 2238 728 2300 ventos3
748 2227 835 2286 coelo
848 2244 904 2286 ceu
919 2244 1010 2304 saepe
1024 2228 1115 2287 refixa

352 2320 569 2378 Transcurrunt
582 2319 753 2395 crinemque
767 2319 899 2378 volantia
908 2320 1011 2379 sidera
1024 2319 1146 2380 ducunt.

353 2412 499 2472 Attonitis
514 2413 636 2471 haesere
650 2411 766 2485 animis,
784 2414 974 2489 superosque
988 2412 1100 2489 precati

351 2506 498 2566 Trinacrii
514 2504 681 2582 Teucrique
696 2506 770 2580 viri;
790 2525 847 2566 nec
860 2506 1007 2568 maximus
1021 2526 1111 2568 omen

350 2599 466 2658 Abnuit
483 2603 619 2673 Aeneas3
639 2599 692 2658 sed
708 2600 816 2659 laetum
826 2601 986 2677 ampiexus
1001 2603 1134 2661 Acesten

353 2692 532 2751 Muneribus
546 2692 677 2751 cumulat
690 2692 814 2769 magnis,
829 2712 865 2752 ac
879 2694 950 2753 talia
964 2694 1059 2753 satur:

352 2787 449 2857 Sume,
466 2795 572 2861 pater3
594 2804 662 2843 nam
677 2794 706 2844 te
722 2785 816 2845 voluit
828 2805 879 2845 rex
894 2798 1019 2863 magnus
1034 2784 1155 2867 Olympi

351 2879 477 2938 Talibus
491 2878 631 2955 auspiciis
645 2890 793 2937 exsortem
807 2879 917 2939 ducere
931 2880 1085 2940 honorem.
1216 2955 1218 2960 Α

353 2969 452 3046 Ipsius
467 2968 617 3029 Anchisae
632 2969 768 3047 longaevi
784 2970 841 3029 hoc
854 2987 966 3030 munus·
978 2971 1111 3042 habebis,

353 3064 478 3122 Cratera
493 3063 671 3139 impressum
685 3062 787 3141 signis,
802 3080 893 3139 quem
906 3063 1054 3122 Thracius
1067 3063 1140 3122 olim

352 3154 506 3214 Anchisae
521 3154 646 3233 genitori
661 3155 692 3213 in
707 3171 817 3234 magno
831 3173 955 3216 munere
969 3158 1092 3217 Cisseus

353 3250 442 3308 Ferre
457 3249 503 3308 sui
517 3249 641 3308 dederat
656 3261 883 3309 monumentum
898 3260 928 3308 et
942 3249 1049 3327 pignus
1063 3248 1179 3309 amoris.

348 3338 404 3396 vSic
419 3338 497 3397 fatus
512 3339 606 3416 cingit
619 3339 759 3400 viridanti
775 3351 911 3417 tempora
925 3341 1014 3412 lauro,

329 3434 334 3444 '
353 3429 393 3488 Et
406 3429 535 3506 primum
548 3441 619 3490 ante
633 3451 738 3491 omnes
752 3433 1041 3509 victorem-appellat
1054 3435 1195 3494 Acesten.

353 3524 421 3583 Nec
434 3524 533 3583 boum
549 3525 691 3604 Eurytion
707 3526 841 3601 praelato
853 3525 962 3585 invidit
975 3525 1090 3599 honori,

354 3616 499 3690 Quamvis
514 3618 595 3677 solus
607 3637 695 3677 avem
708 3618 795 3676 coelo
807 3617 921 3693 dejecit
934 3618 974 3678 ab
986 3619 1056 3677 alto.

353 3711 510 3770 Proximus
523 3710 685 3789 ingreditur
698 3710 795 3783 donis,
811 3709 863 3785 qui
876 3709 996 3769 vincula
1008 3710 1096 3787 rupit,

354 3804 520 3876 Extremus,
536 3804 648 3863 volucri
661 3804 714 3880 qui
728 3804 793 3862 lixit
806 3803 958 3863 arundine·
967 3804 1086 3863 maium.

395 3899 436 3957 At
450 3908 534 3974 pater
549 3900 677 3968 Aeneas
693 3897 827 3955 noudum
841 3897 1005 3957 certamine
1018 3897 1122 3969 misso,

354 3991 522 4051 Custodem
537 3991 575 4049 ad
590 4009 657 4049 sese
672 3989 878 4066 comitemque·
886 3988 1017 4067 impubis
1031 3989 1090 4049 luli
