3550 4859
705 567 916 615 unmoxrn.
938 569 997 615 nui.
1020 569 1066 614 m.

398 725 516 794 Naxon,
532 717 574 779 ait
588 716 687 791 Liber,
702 731 805 777 omnus
818 714 962 777 advertite
976 726 1109 777 vestros:

398 817 456 876 Illa
469 811 542 873 mihi
556 811 664 871 domus
677 820 743 883 est;
762 809 848 870 vobis
862 809 917 869 erit
930 809 1051 887 hospita
1062 810 1159 870 tellus

398 911 456 969 Per
468 925 549 966 mare
563 904 684 963 fallaces
698 921 810 980 perque
825 901 930 963 omnia
938 902 1062 962 numina
1073 903 1182 980 jurant,
1295 979 1298 987 1

398 1001 447 1063 Sic
460 1000 532 1073 sore,
548 1015 656 1074 meque
668 997 775 1076 jubent
789 994 887 1072 pictae
901 996 972 1056 dare
985 997 1053 1057 vela
1066 996 1192 1057 carinae

398 1096 530 1154 Dextera
544 1093 647 1150 Naxos
662 1101 742 1149 erat:
763 1090 868 1149 dextra
880 1088 954 1147 mihi
969 1089 1060 1149 lintea
1072 1088 1165 1162 danti,
1283 1113 1287 1122 ·
1308 1153 1322 1176 ·
1336 1104 1376 1154 oo

398 1186 480 1263 Quid
495 1184 576 1258 sacis,
592 1183 770 1243 odernensi
811 1181 887 1257 Quis
901 1192 931 1242 te
945 1182 1033 1254 furor,
1048 1181 1152 1259 inquit,
1169 1183 1292 1254 Acoete,

399 1282 458 1339 Pro
472 1297 504 1338 se
519 1277 652 1354 quisque,
668 1277 770 1335 tenet?
791 1276 906 1335 laevam
920 1279 1007 1352 petel
1050 1274 1184 1334 Maxima
1198 1284 1272 1334 nutu

399 1375 471 1432 Pars
485 1369 558 1430 mihi
572 1369 726 1446 significat,
740 1386 817 1445 pars,
833 1368 907 1444 quid
921 1368 1001 1442 velit,
1017 1386 1086 1428 aure
1100 1377 1239 1428 susurrat

399 1462 559 1542 Obstupui,
575 1461 743 1539 Capiatque
758 1461 865 1537 aliquis
878 1460 1101 1521 moderamina!
1122 1460 1193 1535 dixi,

399 1560 513 1636 Meque
528 1554 691 1616 ministerio
703 1553 883 1630 scelerisque
897 1553 1026 1631 artisque
1039 1554 1160 1615 removi

400 1654 546 1727 Increpor
561 1668 579 1709 a
592 1647 719 1722 cunctis,
731 1656 888 1724 totumque
902 1647 1105 1709 immurmurat
1119 1666 1246 1725 agmen3

400 1748 428 1805 E
441 1743 550 1822 quibus
564 1741 736 1816 Aethalion,
751 1742 797 1802 Te
812 1739 924 1801 scilicet
938 1740 1037 1801 omnis
1049 1741 1081 1801 in
1095 1759 1157 1801 uno

400 1841 513 1898 Nostra
526 1836 607 1896 salus
620 1833 719 1912 posita
731 1844 777 1894 est
790 1838 796 1893 l
817 1833 867 1908 ait,
882 1844 913 1895 et
927 1834 1006 1895 subit
1020 1835 1084 1912 ipse
1096 1853 1257 1911 meumque

400 1930 510 2007 Expiet
524 1947 609 2006 opus,
625 1930 773 2004 Naxoque
787 1927 862 2004 petit
875 1925 992 1988 diversa
1004 1928 1115 1989 relicta

400 2025 480 2083 Tum
496 2022 570 2082 deus
584 2020 720 2093 illudens,
735 2030 878 2097 tanquam
893 2020 986 2081 modo
999 2021 1128 2098 denique
1143 2021 1276 2082 fraudem
1364 2047 1379 2077 o

400 2114 539 2189 Senserit,
556 2132 573 2174 e
587 2112 681 2192 puppi
694 2122 820 2190 pontum
835 2124 1006 2191 prospectat
1020 2116 1145 2188 adunca,

402 2212 441 2269 Et
453 2207 537 2269 flenti
552 2205 663 2280 similis,
679 2208 751 2266 Non
765 2207 840 2267 haec
854 2207 928 2266 mihi
942 2207 1036 2281 litora,
1052 2218 1168 2281 nautae,

400 2300 590 2374 Promisistis,
605 2299 665 2375 ait3
685 2317 746 2359 non
760 2300 835 2360 haec
848 2300 923 2359 mihi
937 2311 1014 2361 terra
1025 2313 1128 2378 rogata
1141 2311 1193 2361 est

400 2398 471 2472 Quo
486 2392 580 2455 merui
593 2411 725 2470 poenam
738 2393 838 2453 lacto?
879 2394 965 2469 Quae
979 2393 1072 2471 gloria
1085 2404 1182 2455 vestra
1195 2403 1248 2467 est,

401 2488 432 2550 Si
445 2506 570 2566 puerum
582 2488 715 2564 juvenes,
731 2485 855 2547 simulti
869 2486 970 2547 sallitis
983 2490 1095 2548 unum?

401 2581 585 2658 Jamdudum
598 2578 728 2654 flebam3
748 2579 884 2639 lacrimas
899 2599 1003 2640 manus
1019 2579 1109 2658 impia
1123 2590 1237 2640 nostras

403 2674 504 2747 Ridet,
520 2683 551 2733 et
564 2672 690 2749 impellit
704 2673 932 2749 properantibus
946 2692 1075 2750 aequora
1089 2674 1184 2733 remis.

403 2770 460 2828 Per
474 2766 529 2827 tibi
543 2785 622 2825 nunc
636 2765 889 2843 ipsum—neque
905 2766 985 2827 enim
999 2766 1182 2844 praesentior
1196 2765 1247 2825 illo

404 2863 457 2920 Est
471 2859 716 2934 deus-adjuro,
732 2868 793 2917 tam
807 2878 855 2918 me
870 2859 924 2920 tibi
937 2879 1008 2920 vera
1021 2861 1137 2934 referre,

404 2954 503 3029 Quam
516 2950 579 3011 veri
592 2952 706 3027 majora
719 2952 778 3012 fide
790 2955 801 3011 ε’
818 2951 900 3012 stetit
914 2965 1043 3029 aequore
1057 2951 1165 3031 puppis

404 3045 499 3105 Haud
513 3043 605 3117 aliter,
622 3062 711 3119 quam
727 3043 751 3103 si
765 3043 876 3103 siccum
891 3047 996 3105 navale
1011 3056 1132 3106 teneret.

404 3137 454 3196 Illi
469 3135 648 3196 admirantes
662 3155 809 3196 remorum
823 3136 854 3196 in
868 3139 990 3199 verbere
1004 3148 1145 3216 perstant,

403 3229 540 3306 Velaque
554 3229 715 3302 deducunt,
729 3229 909 3308 geminaque
923 3249 981 3308 ope
995 3249 1110 3291 currere
1126 3237 1260 3290 tentant:

404 3320 579 3399 Impediunt
592 3321 720 3382 hederae
733 3340 840 3397 remos,
856 3342 995 3399 nexuque
1008 3340 1136 3383 recurvo

403 3417 534 3492 Serpunt
546 3424 577 3475 et
589 3413 717 3491 gravidis
729 3414 909 3493 distringunt
922 3416 990 3476 vela
1002 3414 1159 3494 corymbis

403 3510 485 3586 Ipse,
500 3506 677 3568 racemiferis
690 3509 818 3568 frontem
831 3508 1031 3569 circumdatus
1044 3508 1118 3581 uvis,

403 3600 577 3678 Pampineis
591 3600 682 3678 agitat
695 3602 824 3661 velatam
837 3601 993 3662 frondibus
1006 3603 1142 3675 hastam

403 3695 506 3769 Quem
519 3692 599 3754 circa
611 3694 700 3771 tigres
713 3693 928 3770 simulacraque
941 3694 1042 3754 inania
1055 3696 1175 3771 lyncum

403 3787 615 3863 Pictarumque
627 3789 729 3864 jaoent
740 3787 803 3846 fera
815 3805 942 3864 corpora
953 3788 1169 3865 pantherarum

403 3879 559 3940 Exsiluere
574 3878 647 3954 viri,
667 3879 729 3939 sire
742 3879 802 3939 hoc
815 3879 933 3939 insania
945 3880 1023 3954 fecit,

402 3972 474 4035 Sive
488 3972 597 4047 timor3
616 3971 789 4049 primusque
802 3972 919 4036 Medon
933 3972 1098 4051 nigmsoere
1111 3971 1211 4052 funis
