3550 4859
664 584 871 629 ΜΠΛΙΙΟΙΡΗ.
895 583 953 630 uu.
977 584 996 630 Ι.

352 731 489 809 Occupat
502 728 552 790 hic
566 731 674 791 collem
686 751 695 807 ;
715 732 823 809 cymba
836 732 921 792 sedet
934 732 1009 793 alter
1021 729 1142 793 adunca

353 827 393 891 Et
406 824 488 885 ducit
501 841 600 884 remos
614 824 683 898 illic,
698 824 751 884 ubi
764 843 859 902 nuper
871 835 987 900 aiarat3

352 918 411 978 llle
425 936 514 995 super
527 927 643 995 segetes
657 928 708 977 aut
721 935 834 978 mersae
847 917 980 978 cumina
992 915 1081 978 villae

352 1009 499 1087 Navigat3
519 1010 570 1071 hic
583 1028 700 1071 summa
713 1010 828 1088 piscem
841 1010 1001 1087 deprendit
1013 1010 1046 1071 in
1059 1011 1149 1072 almo.

351 1102 465 1181 Figitur
477 1102 509 1162 in
522 1102 617 1177 viridi,
632 1102 659 1163 si
672 1104 732 1163 sors
744 1104 820 1177 orlit,
835 1121 947 1164 ancora
959 1115 1054 1182 prato,

350 1196 413 1257 Aut
429 1197 564 1273 subjecta
578 1205 677 1256 terunt
689 1213 796 1257 curvae
809 1196 911 1257 vineta
924 1196 1061 1272 carinae3

352 1292 400 1363 Et,
416 1289 508 1350 modo
522 1307 583 1366 qua
595 1289 720 1366 graciles
733 1282 855 1367 gramen
868 1307 1004 1367 carpsere
1018 1289 1159 1367 capellae,

352 1384 444 1442 Nunc
457 1381 500 1442 ibi
515 1383 663 1442 deformes
677 1391 795 1459 ponam
808 1401 863 1442 sus
875 1397 1002 1459 corpora
1014 1382 1139 1460 phocae.

351 1474 501 1535 Mirantur
514 1477 570 1535 sub
585 1493 663 1551 aqua
676 1477 759 1535 lucos
773 1477 921 1552 urbesque
935 1476 1102 1552 domosque

352 1568 508 1642 Nereides,
525 1568 672 1644 silvasque
686 1578 790 1628 tenent
797 1567 959 1645 delphines
974 1577 1005 1628 et
1018 1567 1085 1627 altis

352 1662 511 1722 Incursant
524 1659 614 1721 ramis
627 1660 797 1739 agitamue
810 1662 920 1721 robora
932 1662 1060 1739 pulsant.

234 1776 235 1781 ¹
351 1755 415 1814 Nat
428 1754 516 1831 lupus
529 1752 606 1814 inter
619 1772 699 1828 oves,
714 1754 812 1814 fiilvos
825 1753 908 1815 vehit
921 1754 1003 1814 unda
1016 1754 1127 1828 leones,

352 1847 446 1907 Unda
460 1844 542 1908 vehit
556 1846 653 1924 tigres,
667 1865 725 1907 nec
739 1846 820 1907 vires.
828 1846 960 1907 fulminis
974 1863 1047 1924 apro

353 1941 449 2001 Crura
462 1958 519 2000 nec
534 1940 635 2000 ablato
648 1949 773 2018 prosunt
786 1939 903 2000 velocia
915 1957 1013 2013 cervo,

354 2031 565 2109 Quaesitisque
578 2032 631 2094 diu
644 2033 737 2107 terris,
751 2032 803 2093 uhi
817 2032 920 2094 sistere
933 2032 1036 2109 possit,

353 2127 392 2185 In
406 2144 488 2186 mare
502 2125 618 2186 lassatis
631 2123 759 2187 volucris
769 2144 845 2203 vaga
858 2125 970 2187 decidit
984 2125 1046 2187 alis

354 2219 502 2280 Obruerat
515 2219 644 2280 tumulos
658 2217 804 2280 immensa
817 2218 938 2280 licentia
953 2219 1048 2297 ponti,

354 2312 576 2389 Pulsabantque
587 2309 661 2371 novi
674 2322 819 2373 montana
831 2312 988 2373 cacumina
1000 2313 1116 2374 fluctus.

354 2403 490 2465 Maxima
503 2423 571 2481 pars
584 2405 666 2465 unda
678 2404 808 2482 rapitur3
824 2405 934 2483 quibus
946 2406 1028 2467 unda
1040 2402 1182 2485 pepercit,

355 2498 430 2557 Illos
443 2498 535 2575 longa
547 2498 672 2559 domant
686 2496 770 2575 inopi
780 2499 895 2577 jejunia
908 2498 996 2559 victu.

396 2591 519 2667 Separat
531 2589 647 2650 Aonios
661 2591 785 2651 Oetaeis
798 2592 908 2653 Phocis
920 2595 960 2676 ab
974 2592 1060 2666 arvis,

354 2685 448 2743 Terra
461 2684 551 2757 ferax,
566 2684 638 2743 dum
652 2694 729 2744 terra
741 2683 804 2757 fuit,
817 2686 870 2745 sed
884 2696 1019 2763 tempore
1033 2685 1064 2744 in
1079 2685 1131 2745 illo

355 2778 430 2835 Pars
444 2774 532 2836 maris
546 2785 577 2836 et
590 2778 666 2836 latus
681 2776 843 2837 subitarum
856 2795 980 2855 campus
994 2795 1145 2855 aquarum

356 2870 450 2929 Mons
463 2867 505 2929 ibi
519 2868 677 2929 verticibus
691 2871 766 2947 petit
780 2871 889 2931 arduus
903 2881 982 2931 astra
995 2870 1122 2943 duobus,

356 2960 489 3022 Nomine
503 2964 660 3037 Parnasus,
677 2973 854 3040 superatque
868 2964 1024 3024 cacumine
1039 2964 1142 3023 nubes.

356 3053 422 3114 Hic
436 3053 488 3114 ubi
502 3054 798 3116 Deucalion-nam
811 3067 912 3117 cetera
924 3066 1038 3117 texmat
1051 3072 1164 3131 aequor
1173 3087 1214 3100 --

356 3148 437 3209 Cum
450 3158 589 3208 consorte
602 3147 659 3208 tori
672 3166 764 3225 parva
775 3160 839 3210 rate
852 3160 956 3210 vectus
970 3148 1114 3221 adhaesit,

356 3237 520 3318 Corycidas
534 3240 690 3317 Nymphas
704 3251 734 3303 et
747 3242 871 3302 numina
883 3240 995 3302 montis
1009 3242 1136 3301 adorant

357 3331 584 3409 Fatidicamque
597 3332 735 3408 Themin,
751 3353 828 3411 quae
841 3345 914 3395 tunc
927 3336 1029 3395 oracla
1042 3335 1171 3395 tenebat.

357 3426 390 3485 N
390 3442 432 3485 on
446 3424 498 3485 illo
512 3424 617 3485 melior
630 3427 787 3504 quisquam
801 3446 859 3489 nec
872 3426 1019 3488 amantior
1032 3426 1121 3505 aequi

356 3516 413 3576 Vir
426 3517 489 3592 fnit,
504 3529 556 3579 aut
568 3518 620 3579 illa
633 3520 812 3581 metuentior
824 3519 885 3581 ulla
899 3521 1031 3581 deorum.

358 3610 476 3688 Jupiter
486 3622 519 3672 ut
532 3611 654 3689 liquidis
666 3623 803 3690 stagnare
817 3614 976 3692 paludibus
989 3614 1103 3686 orbem,

361 3706 401 3763 Et
414 3722 568 3781 superesse
581 3705 775 3767 videtdetot
788 3708 881 3767 modo
895 3706 1028 3767 millibus
1040 3723 1142 3779 unum,
1299 3731 1336 3773 μς

362 3798 401 3856 Et
415 3815 569 3874 superesse
582 3797 665 3859 videt
678 3800 717 3859 de
731 3809 777 3862 tot
790 3800 883 3859 modo
895 3798 1027 3860 millibus
1040 3816 1140 3873 unam,

362 3891 516 3950 Innocuos
531 3892 645 3965 ambos,
660 3892 789 3954 cultores
802 3891 933 3952 numinis
947 3893 1061 3964 ambos,
1165 3925 1168 3933 ·

361 3981 797 4062 nannenten-nminem
811 3983 1087 4063 quonam
