3550 4859
373 553 416 608 44
699 551 735 598 ir.
759 553 863 598 ovum
881 556 1042 602 bruonis-r

372 697 402 754 N
404 715 438 755 ec
453 707 560 757 tamen·
569 697 727 761 admoniti
736 710 784 762 est
796 719 896 777 poena
909 700 1060 778 popularis
1072 704 1237 779 Arachnes,
1315 747 1329 771 .,

373 790 488 850 Cedere
502 791 659 852 coelitibus
672 794 830 871 verbisque
844 794 1008 856 minoribus
1020 795 1073 856 uti.
1125 836 1128 840 ,

371 883 471 942 Multa
484 883 597 944 dabant
612 885 746 946 animos:
766 887 913 948 sedenim
928 908 984 948 nec
999 889 1136 966 conjugis
1145 901 1226 952 artes

371 977 437 1035 Nec
451 995 547 1053 genus
561 979 718 1040 amborum
734 980 895 1057 magnique
908 981 1043 1057 potentia
1055 984 1138 1060 regni
1181 1007 1184 1015 ·

371 1068 421 1129 Sic
435 1070 573 1146 placuere
588 1071 680 1131 illi-
688 1073 823 1148 quamvis
836 1089 873 1136 ea
886 1084 995 1134 cuncta
1008 1076 1210 1151 placerent-
1345 1129 1349 1136 .

371 1164 415 1222 Ut
430 1182 483 1222 sua
497 1165 662 1241 progenies
706 1166 745 1224 Et
758 1164 929 1226 felicissima
940 1177 1069 1228 matrum
1163 1221 1167 1228 .
1312 1197 1349 1240 ur
1420 1176 1422 1182 '

371 1256 461 1316 Dicta
476 1258 551 1318 foret
565 1257 674 1331 Niobe,
690 1257 791 1319 sinon
805 1258 861 1320 sibi
874 1259 938 1319 visa
950 1260 1062 1322 fuisset

267 1378 272 1388 ¹
370 1353 450 1410 Nam
465 1361 531 1410 sata
546 1350 669 1424 Tiresia,
684 1352 799 1412 venturi
813 1351 955 1428 praescia,
970 1356 1080 1416 Manto

345 1447 347 1450 ’
369 1446 428 1505 Per
442 1443 559 1504 medias
573 1445 675 1518 fuerat,
691 1443 792 1504 divino
806 1445 925 1506 concita
938 1457 1030 1521 motu,

369 1537 542 1598 Vaticinata
555 1537 636 1598 vias:
657 1539 832 1612 Ismenides,
848 1539 888 1599 ite
903 1540 1081 1615 frequentes,

370 1632 410 1691 Et
425 1632 495 1691 date
511 1633 645 1690 Latonae
660 1631 912 1708 Latonigenisque
925 1633 1044 1693 duobus
1275 1691 1280 1698 ,
1312 1654 1349 1694 ιω

371 1726 450 1785 Cum
465 1744 553 1801 prece
569 1734 633 1783 tura
647 1723 704 1802 pia,
720 1725 863 1801 lauroque
877 1723 1018 1787 innectite
1032 1725 1165 1789 crinem!

367 1819 428 1879 Ore
443 1836 512 1877 meo
528 1819 645 1876 Latona
655 1818 749 1896 jubet.
792 1820 923 1891 Paretur,
938 1828 968 1878 et
981 1835 1088 1880 omnes

365 1910 539 1970 Thebaides
550 1909 640 1990 jussis
654 1930 708 1970 sua
722 1922 857 1988 tempora
870 1911 1025 1973 frondibus
1038 1920 1156 1987 ornant,

367 2006 507 2080 Turaque
523 2004 596 2063 dant
610 2002 720 2064 sanctis
735 2012 765 2064 et
778 2005 869 2065 verba
882 2005 1035 2080 precantia
1047 2004 1185 2070 flammis

365 2098 455 2171 Ecce,
471 2096 554 2157 venit
568 2095 710 2163 comitum
725 2096 825 2156 Niobe
840 2096 1032 2157 celeberrima
1044 2099 1139 2174 turba,
1311 2120 1348 2176 ¹⁶5

365 2191 508 2251 Vestibus
524 2190 639 2250 intexto
653 2188 786 2267 Phrygiis
800 2189 972 2266 spectabilis
985 2208 1065 2265 auro,

366 2286 414 2359 Et,
431 2294 575 2361 quantum
591 2284 635 2348 ira,
647 2281 724 2356 sinit,
739 2282 869 2342 formosa
882 2301 1067 2359 movensque
1080 2284 1192 2345 decoro

366 2380 444 2440 Cum
459 2376 557 2455 capite
571 2376 722 2438 immissos
735 2375 893 2436 humerum
904 2396 958 2453 per
971 2386 1128 2454 utrumque
1143 2377 1278 2455 capillos,

365 2471 508 2533 Constitit
519 2493 529 2546 ;
548 2481 640 2547 utque
655 2471 759 2552 oculos
772 2467 952 2528 circumtulit
966 2470 1026 2529 alta
1040 2471 1194 2546 superbos,
1298 2535 1303 2541 ,

365 2563 442 2639 Quis
457 2564 537 2624 furor
551 2562 677 2637 auditos,
692 2560 797 2638 inquit,
812 2580 995 2638 praeponere
1009 2560 1079 2622 visis
1095 2632 1098 2638 g
1309 2595 1346 2634 ψ

365 2659 546 2720 Coelestes'l'
581 2660 644 2718 Aut
657 2676 710 2718 cur
722 2654 829 2722 colitur
842 2656 961 2716 Latona
973 2675 1026 2733 per
1040 2674 1114 2729 aras,

364 2753 485 2812 Numen
497 2752 595 2812 adhuc
607 2749 672 2812 sine
683 2760 747 2810 ture
761 2767 861 2810 meum
876 2751 942 2810 est?
983 2747 1061 2808 Mihi
1076 2750 1222 2812 Tantalus
1231 2762 1342 2828 auctor,

363 2843 421 2905 Cui
435 2844 518 2904 licuit
532 2844 589 2904 soli
604 2862 776 2921 superorum
791 2851 913 2920 tangere
926 2860 1065 2918 mensas;

364 2937 520 2997 Pleiadum
535 2956 620 2998 soror
634 2947 679 2997 est
692 2935 818 3013 genitrix
831 2954 919 3009 mea;
938 2933 1084 2996 maximus
1098 2937 1184 2997 Atlas

363 3030 419 3090 Est
433 3049 513 3104 avus,
529 3030 691 3091 aetherium
708 3028 759 3106 qui
773 3028 829 3088 fert
843 3026 1006 3088 cervicibus
1020 3047 1126 3103 axem3
1306 3058 1343 3098 ¹7⁵

362 3122 479 3201 Jupiter
493 3124 566 3184 alter
579 3142 671 3198 avus;
692 3141 795 3192 socero
810 3140 930 3197 quoque
944 3120 1052 3197 glorior
1067 3120 1128 3181 illo.

363 3218 417 3276 Me
432 3227 535 3293 gentes
549 3226 685 3276 metuunt
701 3214 865 3293 Phrygiae3
884 3234 933 3274 me
947 3212 1028 3290 regia
1043 3213 1150 3274 Cadmi

363 3310 427 3369 Sub
442 3309 564 3368 domina
578 3319 631 3383 est,
647 3308 816 3385 fidibusque
830 3307 889 3367 mei
904 3306 1063 3367 commissa
1077 3306 1173 3368 mariti

363 3401 488 3461 Moenia
501 3419 571 3461 cum
584 3403 703 3479 populis
718 3399 859 3477 a-'meque
873 3396 997 3476 viroque
1012 3411 1157 3477 reguntur.

363 3496 401 3553 In
416 3513 634 3572 quamcumque
649 3496 756 3555 domus
771 3494 894 3554 adverto
908 3492 1021 3553 lumina
1035 3504 1157 3569 partem,
1305 3513 1343 3552 180
1457 3487 1466 3502 ⁸

362 3590 532 3648 Immensae
547 3599 717 3665 spectantur
731 3607 813 3665 opes.
856 3587 984 3650 Accedit
999 3588 1105 3648 eodem

363 3679 464 3758 Digna
477 3681 535 3740 dea
542 3681 652 3756 iacies·
690 3684 762 3742 Huc
776 3692 861 3742 natas
876 3681 973 3759 adjice
987 3690 1105 3756 septem

364 3776 403 3833 Et
416 3771 543 3846 totidem
553 3775 688 3850 juvenes,
703 3785 734 3834 et
747 3793 818 3836 mox
832 3792 1017 3852 generosque
1030 3792 1188 3850 nurusque.

362 3865 505 3940 Quaerite
519 3885 611 3942 nunc,
623 3867 733 3928 habeat
746 3886 837 3943 quam
851 3877 954 3928 nostra
966 3866 1105 3944 superbia
1118 3886 1240 3928 causam
1253 3872 1258 3929 l
1316 3917 1320 3924 .

312 3981 327 4010 ο
362 3958 599 4044 Ωυοφιειῐωάο
613 3958 729 4024 audetis
742 3958 874 4058 genitam
891 3957 1033 4042 Titanida
1047 3960 1145 4050 Coeo
1185 4023 1187 4028 ,
1215 4047 1218 4052 Ι
1249 3979 1340 4056 'tras
