3550 4859
701 564 860 609 AENEIDOS
881 565 941 612 ΗΒ.
963 564 1004 609 Vl.

364 710 430 769 Nec
444 728 504 768 non
519 707 674 769 Threicius
688 710 779 788 longa
792 729 861 770 cum
875 720 959 770 veste
974 709 1115 771 sacerdos

364 801 545 878 Obloquitur
558 803 691 862 numeris
705 814 821 879 septem
836 804 1008 863 discrimina
1021 823 1138 878 vocum,

363 896 492 971 Jamque
506 896 612 954 eadem
628 896 737 973 digitis,
750 898 813 975 jam
826 898 946 973 pectine
960 898 1062 973 pulsat
1073 898 1195 958 eburno.

364 988 428 1046 Hic
442 1007 537 1065 genus
551 988 706 1063 antiquum
720 989 837 1061 Teucri,
853 990 1051 1065 pulcherrima
1064 990 1172 1067 proles,

365 1081 552 1158 Magnanimi
566 1082 683 1154 heroes,
699 1082 760 1141 uati
775 1082 947 1141 melioribus
962 1083 1058 1155 annis,
1072 1109 1074 1114 ¹

364 1174 487 1249 Ilusque
503 1176 727 1250 Assaracusque
742 1184 772 1233 et
786 1176 896 1250 Trojae
912 1177 1069 1235 Dardanus
1083 1187 1194 1237 auctor.

366 1268 459 1326 Arma
472 1267 575 1343 procul
590 1286 751 1343 currusque
766 1268 859 1326 virum
875 1269 997 1327 miratur
1011 1268 1123 1329 inanes.

366 1360 452 1419 Stant
466 1371 544 1418 terra
559 1360 674 1419 defixae
689 1361 801 1433 hastae,
817 1361 989 1437 passimque
1005 1362 1094 1420 soluti

364 1454 423 1511 Per
436 1471 574 1529 campum
589 1464 751 1529 pascuntur
764 1454 841 1529 equi
887 1455 973 1528 Quae
987 1454 1081 1531 gratia
1097 1474 1214 1514 currum

363 1548 582 1621 Armorumque
597 1546 652 1605 fuit
666 1546 750 1619 vivis,
767 1565 843 1622 quae
858 1565 929 1605 cura
943 1546 1071 1605 nitentes

365 1639 494 1698 Pascere
509 1657 612 1714 equos,
629 1639 734 1698 eadem
750 1640 884 1714 sequitur
898 1640 1003 1698 tellure
1018 1649 1161 1715 repostos.

365 1731 529 1807 Conspicit,
545 1751 624 1805 ecce,
640 1732 715 1792 alios
730 1733 834 1791 dextra
847 1734 991 1808 laevaque
1006 1752 1060 1808 per
1073 1734 1198 1794 herbam

363 1825 530 1884 Vescentes
545 1826 714 1901 laetumque
728 1826 820 1885 choro
836 1828 956 1884 Paeana
969 1838 1111 1886 canentes

365 1920 450 1978 Inter
463 1919 620 1978 odoratum
635 1919 709 1976 lauri
723 1938 838 1991 nemus,
854 1919 934 1978 unde
950 1938 1078 1994 superne

366 2011 515 2070 Plurimus
531 2011 653 2070 Eridani
668 2030 721 2087 per
734 2012 840 2070 silvam
854 2012 983 2070 volvitur
996 2012 1100 2072 amnis.

366 2104 429 2164 Hic
444 2123 550 2163 manus
565 2104 605 2163 ob
619 2104 744 2180 patriam
760 2104 922 2180 pugnando
936 2106 1059 2163 vulnera
1072 2104 1161 2182 passi,

366 2197 487 2273 Quique
502 2199 674 2257 sacerdotes
689 2198 771 2270 casti,
788 2199 858 2255 dum
873 2197 934 2257 vita
948 2199 1097 2272 manebat,

366 2291 486 2367 Quique
500 2292 541 2369 pii
556 2302 639 2351 vates
654 2303 684 2350 et
699 2291 822 2349 Phoebo
836 2291 927 2367 digna
941 2291 1042 2364 locuti,

367 2385 511 2444 Inventas
526 2395 576 2443 aut
591 2384 642 2459 qui
656 2384 746 2442 vitam
761 2384 916 2442 excoluere
931 2402 985 2460 per
998 2394 1085 2456 artes,

366 2480 486 2555 Quique
501 2477 546 2537 sui
562 2496 710 2536 memores
724 2477 800 2535 alios
814 2477 911 2535 secere
926 2478 1089 2550 merendo;

280 2626 285 2635 .
366 2573 514 2635 Omnibus
529 2570 575 2630 his
591 2571 677 2629 nivea
692 2570 850 2647 cinguntur
864 2579 1000 2647 tempora
1014 2571 1095 2629 vitta.

366 2669 452 2741 Quos
466 2665 661 2724 circumfusos
676 2662 719 2721 sic
734 2673 781 2721 est
794 2663 883 2722 affata
899 2664 1018 2742 Sibylla,

366 2761 526 2819 Musaeum
541 2768 609 2816 aute
624 2776 729 2816 omnes
742 2778 751 2831 3
771 2757 904 2816 medium
919 2776 988 2815 nam
1003 2756 1131 2832 plurima
1144 2755 1231 2814 turba

368 2854 462 2911 Hunc
476 2852 575 2923 habet,
591 2860 680 2925 atque
695 2849 826 2909 humeris
841 2860 1008 2909 exstantem
1023 2848 1148 2925 suspicit
1162 2847 1249 2907 altis:

367 2945 476 3017 Dicite,
492 2944 596 3003 felices
611 2944 736 3016 animae,
752 2952 853 3019 tuque,
869 2943 981 3019 optime
996 2952 1088 3013 vates,

367 3041 454 3113 Quae
468 3038 550 3114 regio
565 3036 729 3108 Anchisen,
745 3035 813 3111 quis
827 3036 918 3095 habet
933 3036 1036 3093 locus?
1057 3033 1137 3095 illius
1151 3052 1222 3110 ergo

367 3131 513 3191 Venimus
528 3141 559 3189 et
572 3149 697 3207 magnos
713 3130 804 3189 Erebi
819 3130 1000 3188 tranavimus
1016 3147 1129 3189 amnes.

369 3227 470 3300 Atque
485 3222 553 3281 huic
568 3241 745 3298 responsum
760 3222 864 3298 paucis
879 3222 920 3281 ita
934 3223 1064 3281 reddidit
1078 3223 1186 3282 heros:

368 3318 452 3376 Nulli
466 3327 547 3375 certa
561 3316 669 3374 domus
682 3337 691 3389 ;
711 3315 786 3374 lucis
801 3314 970 3374 habitamus
985 3314 1095 3391 opacis,

368 3410 574 3486 Riparumque
590 3419 672 3467 toros
686 3418 716 3467 et
730 3418 814 3485 prata
828 3409 960 3467 recentia
974 3407 1044 3467 rivis

369 3501 543 3562 Incolimus.
587 3502 647 3561 Sed
661 3519 723 3573 vos,
739 3501 765 3559 si
780 3502 836 3560 fert
849 3498 892 3559 ita
906 3502 996 3560 corde
1010 3501 1157 3573 voluntas,

369 3597 441 3654 Hoc
456 3604 595 3671 superate
607 3596 732 3673 jugum;
753 3603 783 3652 et
797 3592 876 3652 facili
888 3595 950 3669 jam
965 3594 1082 3653 tramite
1096 3593 1208 3653 sistam.

369 3688 463 3761 Dixit,
479 3698 510 3747 et
524 3698 593 3747 ante
608 3687 674 3746 tulit
688 3705 831 3764 gressum,
847 3705 1030 3764 camposque
1044 3686 1173 3746 nitentes

369 3782 509 3857 Desuper
523 3790 673 3853 ostentat;
696 3779 805 3838 dehinc
820 3798 936 3838 summa
950 3779 1105 3838 cacumina
1119 3778 1265 3855 linquunt

411 3876 454 3933 At
467 3885 553 3952 pater
567 3872 716 3932 Anchises
731 3872 999 3948 penitus·convalle
1013 3871 1120 3931 virenti

370 3968 509 4026 Inclusas
522 3965 638 4025 animas
652 3983 851 4041 superumque
865 3964 905 4023 ad
919 3965 1019 4023 lumen
1034 3965 1126 4025 ituras

1311 3976 1353 4017 seo
