3550 4859
444 563 482 605 ·10
776 557 805 604 1.
825 557 927 604 ortnu
943 556 1081 604 morlia

441 700 557 765 Ponere
571 702 710 764 duritiem
723 721 849 781 coepere
862 722 1009 780 suumque
1022 700 1167 780 rigorem,'

441 796 613 873 Mollirique
627 815 712 857 mora
723 797 898 873 mollitaque
912 796 1021 857 dusme
1034 797 1170 858 formam.

440 892 526 963 Mox,
541 889 593 950 ubi
607 900 763 950 creverunt
776 900 940 966 naturaque
952 888 1055 951 mitior
1067 889 1126 951 illia

441 982 585 1060 Contigit,
600 992 634 1042 ut
647 982 853 1059 quaedam-sic
866 1001 930 1043 non
942 982 1102 1044 manifesta
1112 981 1207 1044 videri

440 1078 550 1136 Forma
563 1086 665 1153 potent
677 1075 816 1149 hominis,
832 1076 895 1149 aed,
911 1075 953 1136 uti
968 1076 1007 1138 de
1021 1095 1167 1138 rummare
1180 1088 1298 1154 coepta,
1378 1104 1417 1143 4⁰⁵

440 1171 512 1230 llon
527 1178 633 1228 exacta
645 1167 716 1228 ntia
729 1168 912 1245 rudibusque
925 1168 1075 1230 simillima
1087 1168 1187 1247 signis

440 1264 527 1338 Quae
541 1273 642 1322 tamen
657 1281 694 1322 ex
707 1261 765 1322 illis
779 1261 880 1339 aliquo
893 1281 963 1340 pars
975 1262 1100 1324 humida
1111 1281 1194 1337 suco,

441 1356 480 1416 Et
494 1366 612 1415 terrena
625 1354 688 1430 fuit,
703 1374 789 1416 versa
800 1366 847 1416 est
860 1354 893 1416 in
906 1354 1037 1433 corporis
1050 1374 1157 1431 usum3

441 1449 532 1524 Quod
547 1448 674 1509 solidum
689 1460 735 1510 est
747 1449 888 1527 flectique
902 1450 1015 1527 nequit,
1030 1460 1159 1510 mutatur
1172 1447 1204 1508 in
1218 1468 1287 1510 ossa
1295 1469 1305 1523 5

441 1544 527 1618 Quae
542 1543 634 1603 modo
642 1561 726 1604 ¹uena
738 1542 802 1618 fuit,
813 1545 870 1604 sub
883 1544 993 1604 eodem
1005 1542 1127 1604 nomine
1141 1541 1258 1602 mansit
1380 1573 1419 1609 410

441 1637 538 1712 Inque
552 1636 635 1696 brevi
649 1635 746 1714 spatio
760 1656 935 1714 superorum
946 1635 1071 1698 numine
1085 1654 1157 1696 saxa

441 1727 537 1788 Missa
551 1728 605 1792 viri
618 1728 757 1790 manibus
769 1729 878 1791 faciem
887 1740 1006 1791 -traxere
1019 1728 1158 1803 virorum,

442 1824 482 1883 Et
495 1823 533 1883 de
548 1822 679 1883 femineo
691 1834 828 1901 reparata
841 1833 887 1884 est
899 1822 1012 1884 iemiua
1023 1825 1113 1901 jactu

441 1916 519 1976 Inde
533 1934 627 1993 genus
641 1916 748 1977 durum
761 1936 864 1977 sumus
877 1915 1093 1993 experiensque
1107 1917 1251 1989 laborum,

442 2010 481 2070 Et
494 2009 676 2071 documenta
686 2010 804 2087 dmm,
818 2028 879 2088 qm
889 2009 985 2072 Simus
993 2007 1111 2086 origine
1124 2007 1196 2070 ΜΕ
1369 2039 1418 2078 -415

542 2098 560 2132 ἱ
689 2099 718 2134 J
858 2100 876 2134 ἱ
1016 2098 1034 2133 ἱ
1175 2098 1193 2131 ὓ

803 2452 965 2514 LIBER
995 2454 1056 2516 11.

442 2665 548 2725 Rieu
563 2663 643 2725 Solis
655 2672 719 2726 eat
731 2662 910 2726 sublimibus
922 2665 983 2725 alta
995 2663 1152 2739 columnis,

441 2758 532 2819 Clara
545 2756 675 2817 micante
689 2775 761 2817 auro
774 2756 970 2834 flammasque
984 2757 1119 2818 imitante
1132 2775 1257 2835 pyropo,

312 2845 314 2850 ’
443 2851 537 2926 Cujus
551 2851 625 2910 ebur
637 2848 765 2909 nitidum
778 2848 895 2926 fastigia
907 2868 1024 2910 summa
1037 2846 1168 2924 tenebat,

443 2941 568 3019 Argenti
580 2941 691 3002 bifores
703 2941 860 3002 radiabant
873 2942 986 3003 lumine
999 2944 1111 3005 valvae.

442 3034 601 3096 Materiem
616 3034 774 3111 superabat
787 3053 864 3111 opus
876 3056 883 3095 ε
902 3053 973 3095 nam
987 3035 1138 3097 Mulciber
1150 3035 1212 3100 illic
1409 3066 1420 3103 ε

440 3131 584 3204 Aequora
598 3129 727 3188 caelarat
739 3126 855 3188 medius
868 3126 1019 3205 cingentia
1034 3139 1136 3204 terras,

441 3222 659 3297 Terrarumque
673 3222 786 3294 orbem,
802 3222 981 3298 coelumque
995 3222 1077 3300 quod
1090 3221 1226 3284 imminet
1240 3223 1313 3284 orbi

442 3314 607 3377 Caeruleos
618 3314 711 3374 habet
724 3314 807 3375 unda
820 3314 903 3389 deos,
918 3313 1045 3375 Tritona
1056 3334 1209 3389 canorum,

442 3413 610 3488 Proteaque
624 3410 805 3487 ambigam,
820 3411 1071 3487 balaenarumque
1085 3421 1272 3488 prementem

413 3523 421 3538 ·
442 3506 605 3582 Aegaeona
619 3504 680 3564 suis
693 3502 836 3565 mmania
848 3514 931 3581 terga
944 3503 1070 3578 lacertis,

442 3596 617 3674 Doridaque
631 3607 662 3658 et
675 3608 769 3671 namo,
785 3615 911 3674 quarum
923 3616 992 3675 pars
1006 3616 1077 3657 nare
1090 3595 1237 3671 videntur,

442 3692 514 3749 Pars
528 3689 559 3749 in
573 3691 653 3750 mole
667 3690 775 3751 sedens
789 3689 899 3751 virides
912 3689 1024 3751 siccare
1041 3690 1177 3767 capillos,

442 3782 528 3843 Pisce
539 3780 611 3844 'vehi
624 3784 792 3860 quaedam3
811 3782 904 3843 facies
917 3801 982 3843 non
994 3782 1135 3844 omnibus
1147 3802 1217 3858 una,

442 3876 473 3935 N
474 3893 510 3936 cc
523 3874 641 3936 diversa
653 3887 755 3936 tamen
767 3897 774 3936 ε
792 3876 912 3953 qualem
924 3876 1015 3936 decet
1024 3895 1093 3937 esse
1106 3896 1248 3939 sororum.

442 3967 789 4047 Tenavirosurbesque
801 3969 876 4048 gerit
889 3969 1188 4049 silvasqueiensqm
1398 3998 1420 4035 τε
