3550 4859
462 536 499 608 76
677 550 680 556 ·
777 550 803 595 Ρ.
825 549 959 596 vrnotmr
980 551 1124 598 unnoms

870 723 1024 765 uenimus

459 788 534 848 Tale
548 798 630 849 tuum
644 808 764 850 carmen
778 791 874 865 nobis,
890 791 991 852 divine
1004 800 1101 869 poeta,
1415 820 1441 857 ⁴⁵

460 881 557 956 Quale
571 900 661 959 sopor
673 882 760 944 semis
774 883 805 942 in
818 884 962 963 gramine,
977 884 1066 960 quale
1080 901 1135 961 per
1147 891 1267 944 aestum

460 974 565 1035 Dulcis
579 994 674 1051 aquae
688 975 812 1036 saliente
827 976 908 1037 sitim
922 977 1107 1055 restinguere
1120 974 1193 1037 rivo.

459 1069 489 1126 N
490 1086 525 1127 ec
539 1067 772 1128 calamisrsolum
785 1069 970 1148 aequiparas,
986 1070 1041 1130 sed
1054 1086 1129 1130 voce
1142 1068 1325 1147 magistrum
1390 1094 1399 1116 ·

459 1161 621 1220 Fortunate
634 1180 716 1237 puer,
732 1171 764 1221 tu
778 1180 858 1221 nunc
871 1162 929 1224 eris
942 1163 1017 1222 alter
1031 1162 1069 1221 ab
1084 1161 1144 1221 illo.

459 1253 525 1312 Nos
538 1262 639 1313 tamen
653 1254 727 1313 haec
741 1273 929 1331 quocumque
943 1254 1035 1314 modo
1049 1253 1103 1315 n'bi
1117 1263 1220 1314 nostra
1233 1252 1366 1314 vicissim
1416 1279 1442 1317 so

459 1346 611 1420 Dicemus,
628 1346 841 1423 Daphnimque
854 1356 938 1408 tuum
951 1346 1091 1408 tollemus
1104 1346 1144 1407 ad
1158 1356 1258 1422 astra3

459 1439 602 1517 Daphnin
617 1441 654 1500 ad
670 1450 750 1499 astra
762 1439 892 1500 feremus
906 1462 912 1499 :
931 1438 1042 1500 amavit
1055 1458 1112 1500 nos
1126 1458 1247 1517 quoque
1261 1436 1409 1517 Daphnis.

890 1574 1005 1612 MOPSUS.

456 1640 506 1697 An
522 1639 681 1715 quicquam
693 1639 780 1699 nobis
794 1639 846 1699 toli
860 1639 901 1699 sit
913 1656 1036 1700 munere
1049 1638 1165 1717 majus?

458 1732 497 1790 Et
509 1750 584 1809 puer
597 1730 662 1809 ipse
675 1732 731 1792 fuit
743 1730 857 1792 cantari
870 1732 986 1811 dignus,
1001 1742 1032 1792 et
1046 1730 1105 1792 ista

456 1824 524 1901 Jam
538 1823 653 1901 pridem
667 1824 810 1886 Stimicon
823 1821 1210 1886 laudavitcatminanobis.
1414 1850 1441 1890 ss

867 1945 1022 1985 1181!AEOE

457 2010 613 2071 Candidus
627 2011 776 2071 insuetum
789 2012 912 2074 miratur
924 2012 1015 2072 limen
1030 2008 1156 2089 Olympi
1200 2065 1203 2070 .

456 2104 517 2164 Sub
531 2104 719 2181 pedibusque
733 2103 816 2165 videt
829 2106 926 2166 nubes
940 2115 971 2167 et
983 2104 1085 2166 sidera
1097 2100 1247 2180 Daphnis.

455 2197 536 2275 Ergo
549 2198 654 2257 alaoth
669 2196 758 2257 silvas
772 2208 803 2258 et
816 2208 916 2259 cetera
927 2217 996 2259 rura
1008 2197 1148 2274 voluptas

454 2292 598 2367 Panaque
612 2299 807 2368 pastoresque
821 2301 906 2354 tenet
920 2292 1117 2371 Dryadasque
1131 2288 1257 2367 puellas.

455 2384 522 2443 Nec
536 2384 624 2461 lupus
638 2383 762 2444 insidias
775 2385 885 2461 pecori,
901 2403 958 2446 noc
972 2384 1048 2446 retia
1060 2382 1157 2444 cervis

455 2476 528 2537 Ulla
541 2476 643 2536 dolum
657 2477 858 2553 meditanttu5
876 2487 957 2538 amnt
969 2478 1068 2541 bonus
1081 2475 1145 2538 otia
1158 2472 1308 2553 Daphnis

455 2569 520 2646 Ipsi
533 2569 646 2630 laetitia
658 2588 750 2631 voces
763 2570 803 2630 ad
817 2570 916 2631 sidera
931 2571 1047 2650 jactam

454 2662 573 2722 Intonsi
586 2672 703 2723 montes
713 2684 723 2738 3
742 2663 826 2741 ipsae
843 2665 907 2740 jam
920 2663 1054 2724 earmina
1066 2679 1163 2739 rupes,

454 2756 527 2832 Ipsa
541 2764 649 2815 sonant
663 2756 800 2816 arbusta:
821 2756 906 2831 detra,
920 2756 996 2818 deus
1009 2756 1068 2829 ille,
1084 2754 1245 2816 Menalcal

455 2847 503 2908 Sis
516 2848 614 2907 bonus
629 2867 648 2907 o
661 2847 792 2924 felixque
805 2848 882 2909 tuisl
904 2868 943 2910 en
957 2857 1102 2926 quattuor¹
1111 2866 1179 2908 aras
1192 2868 1201 2907 z

454 2941 533 3001 Fece
548 2941 622 3001 duas
637 2940 700 3014 tibi,
717 2941 850 3018 Daphni,
866 2942 943 3002 duas
955 2941 1062 3002 altaria
1075 2940 1209 3000 Phoebo.

455 3033 567 3093 Pocula
579 3032 652 3093 bina
664 3052 744 3093 novo
759 3032 929 3110 spumantia
943 3034 1022 3094 lacte
1035 3042 1109 3110 quot
1122 3032 1213 3094 annis

454 3127 652 3203 Craterasque
666 3125 744 3186 duos
757 3135 885 3188 statuam
899 3126 954 3188 tibi
967 3126 1088 3205 pinguia
1100 3123 1181 3198 olivi,

356 3224 359 3230 '
454 3218 493 3278 Et
507 3218 600 3278 multo
613 3218 645 3277 in
658 3218 761 3296 primis
775 3217 908 3280 hilarans
919 3219 1058 3280 oonvivia
1071 3217 1202 3293 Baccho,

453 3312 534 3371 Ante
547 3312 654 3385 focum,
670 3311 695 3370 si
708 3310 800 3388 frigus
813 3311 878 3385 erit,
893 3311 920 3374 si
934 3310 1050 3385 messis,
1063 3311 1097 3372 in
1110 3310 1225 3386 umbra,

452 3403 533 3463 Vina
546 3422 656 3463 novum
670 3403 793 3464 fundam
806 3403 932 3466 malathis
945 3404 1066 3465 Ariusia
1080 3413 1191 3468 nectar.

453 3496 626 3557 Cantabunt
639 3495 713 3556 mihi
727 3498 893 3558 Damoetas
904 3506 937 3558 et
950 3496 1073 3575 Lyctius
1087 3498 1220 3575 Aegon3

452 3589 601 3649 Saltantes
613 3590 733 3667 Satyros
747 3589 910 3650 imitabitur
923 3588 1155 3667 Alphesiboeus.

453 3683 542 3742 Haec
556 3680 610 3742 tibi
623 3701 743 3759 semper
754 3692 850 3755 erunt,
865 3692 897 3743 et
910 3701 1003 3759 quum
1016 3680 1176 3742 sollemnia
1187 3689 1259 3742 vota

452 3774 629 3835 Reddemus
642 3773 799 3854 Nymphis,
814 3784 845 3836 et
857 3794 951 3854 quum
962 3774 1154 3836 lustrabimus
1165 3791 1264 3851 agros
1364 3853 1367 3859 Ι

453 3867 535 3926 Dum
552 3868 626 3947 juga
637 3867 749 3929 montis
761 3885 843 3945 aper,
857 3867 963 3930 fluvios
976 3867 1049 3928 dum
1062 3865 1155 3944 piscis
1167 3863 1291 3940 mabit,

453 3961 594 4042 Dumque
607 3960 710 4040 thymo
722 3969 978 4039 pamenmnpoe,
991 3959 1066 4028 dum
1077 3976 1144 4028 rore
1157 3955 1290 4038 dadae,
1351 4013 1368 4040 ι.
