3550 4859
399 559 437 618 70
713 559 740 603 e.
761 560 894 604 virumn
914 558 1059 604 ursonis

398 701 532 763 Efficiam
546 704 672 781 posthac
687 725 725 765 ne
740 723 921 782 quemquam
934 724 1009 765 voce
1024 705 1161 764 lacessas

805 829 960 867 ennomus

398 901 479 978 Quin
493 921 556 980 age,
572 900 597 961 si
611 901 683 979 quid
697 902 798 976 habes,
813 902 845 961 iu
858 921 907 964 me
921 921 1005 962 mora
1018 921 1081 963 non
1096 902 1149 964 erit
1162 902 1233 977 ulla,

397 996 427 1055 N
429 1014 463 1055 ec
478 1013 657 1071 quemquam
671 995 772 1072 fugio:
794 1006 918 1069 tantum,
934 993 1031 1055 vicine
1046 998 1217 1070 Palaemon,

397 1086 537 1149 Sensibus
550 1088 626 1147 haec
639 1086 810 1148 imis-res
824 1098 869 1148 est
883 1107 945 1148 non
960 1105 1244 1168 parva-reponas

806 1209 964 1249 sammon.

397 1282 504 1356 Dicite,
521 1283 764 1361 quandoquidem
778 1281 809 1343 in
823 1283 907 1344 molli
921 1284 1111 1345 consedimus
1125 1285 1227 1346 herba

398 1377 437 1436 Et
449 1394 530 1435 nunc
544 1375 641 1435 omnis
655 1395 732 1454 ager,
747 1395 828 1438 nunc
841 1377 939 1439 omnis
953 1378 1076 1455 parturit
1090 1377 1198 1452 arb0s3

398 1470 487 1529 Nunc
501 1469 640 1529 frondent
654 1469 765 1545 silvae,
784 1480 864 1531 nunc
878 1471 1108 1531 formosissimus
1122 1489 1225 1531 annus

398 1561 511 1639 Incipe,
528 1564 677 1623 Damoeta
686 1585 695 1637 3
716 1574 748 1623 tu
762 1563 872 1624 deinde
886 1579 1018 1642 sequere,
1035 1565 1183 1624 Menalca

397 1654 528 1715 Alternis
542 1653 666 1731 dicetis;
686 1666 788 1718 amant
801 1657 915 1718 alterna
932 1659 1091 1718 Camenae.

805 1779 958 1818 nmomns

398 1854 449 1913 Ab
462 1853 539 1929 Jove
553 1851 738 1932 principium,
755 1855 881 1927 Musae,
901 1852 985 1931 Jovis
1000 1852 1101 1913 omnia
1114 1852 1204 1931 plena
1212 1873 1222 1927 ;

398 1946 456 2006 Ille
470 1944 542 2005 colit
557 1954 666 2020 terras3
686 1945 729 2005 illi
742 1963 811 2007 mea
823 1945 955 2007 carmina
969 1963 1063 2006 curae.

809 2068 963 2110 ursimus

399 2141 439 2200 Et
452 2159 501 2200 me
516 2140 656 2201 Phoebus
670 2150 770 2217 amat3
791 2139 916 2203 Phoebo
930 2160 984 2200 sua
998 2158 1116 2217 semper
1128 2139 1209 2217 apud
1223 2157 1271 2201 me

400 2234 528 2293 Munera
541 2242 618 2307 sunt,
632 2231 705 2294 lauri
720 2243 750 2294 et
764 2252 853 2294 suave
867 2234 977 2293 rubens
992 2232 1176 2312 hyacinthus

810 2355 965 2394 Dauom&

399 2423 487 2487 Malo
501 2445 550 2487 me
565 2428 690 2488 Galatea
706 2426 790 2506 petit,
804 2426 916 2488 lasciva
929 2429 1037 2506 puella,

400 2522 440 2580 Et
452 2519 526 2598 fugit
540 2520 579 2581 ad
593 2520 706 2596 salices,
722 2530 752 2581 et
766 2539 797 2581 se
812 2520 895 2600 cupit
912 2532 981 2582 ante
995 2519 1096 2582 videri

783 2681 785 2687 ,
808 2642 962 2682 tenuamus.

400 2714 443 2773 At
456 2712 529 2773 mihi
543 2731 607 2774 sese
621 2715 708 2774 offert
721 2714 808 2787 ultro,
823 2732 908 2776 meus
922 2712 1007 2792 ignis,
1019 2716 1175 2793 Amyntas,

400 2806 509 2866 Notior
522 2817 555 2866 ut
566 2808 628 2884 Jam
642 2806 681 2868 sit
694 2804 819 2869 canibus
833 2825 895 2868 non
911 2805 1000 2868 Delia
1012 2806 1127 2868 nostris

809 2929 964 2974 mouns

400 3001 489 3060 Parta
502 3018 587 3060 meae
600 2998 711 3060 Veneri
725 3009 795 3061 sunt
807 3018 948 3061 munera:
969 3019 1099 3078 namque
1112 3000 1214 3062 notavi

401 3095 471 3170 Ipse
485 3093 594 3167 locum,
609 3091 705 3154 aeriae
720 3112 781 3172 quo
794 3112 971 3174 congessere
985 3094 1148 3171 palumbes.

810 3218 963 3261 irruemus

401 3291 492 3367 Quod
506 3290 598 3369 potui,
613 3310 706 3368 puero
720 3290 845 3354 silvestri
858 3311 897 3354 ex
909 3293 1014 3353 arbore
1028 3293 1106 3375 lecta

399 3385 499 3458 Aurea
512 3385 591 3444 mala
604 3384 709 3448 decem
723 3384 812 3462 misi;
830 3404 896 3448 cras
909 3386 1002 3446 altera
1014 3384 1138 3447 mittam.

579 3522 581 3526 ·
809 3505 965 3546 pauonum.

401 3579 430 3640 0
444 3577 560 3656 quoties
575 3586 605 3638 et
619 3596 695 3655 quae
709 3576 796 3640 nobis
811 3577 937 3642 Galatea
949 3578 1050 3640 locuta
1064 3582 1126 3640 estl

401 3674 520 3732 Partem
533 3669 671 3749 aliquam,
687 3669 776 3745 venti,
791 3669 893 3734 divum
906 3669 1039 3734 referatis
1051 3671 1091 3734 ad
1104 3674 1208 3734 auresl

810 3793 964 3834 numana

401 3867 484 3945 Quid
497 3868 627 3945 prodest,
642 3866 725 3944 quod
738 3885 787 3930 me
801 3865 866 3943 ipse
880 3866 982 3928 animo
994 3886 1057 3930 non
1071 3867 1194 3945 spernis,
1209 3870 1352 3947 Amynta,

400 3960 441 4037 si,
456 3960 530 4028 dun
542 3959 709 4028 tlt-noctura
723 3978 820 4038 apros,
835 3978 893 4038 ego
905 3960 981 4024 retia
993 3964 1100 4023 servo?

1355 3987 1382 4028 ⁷3
