3550 4859
370 552 418 624 ,n-
703 561 731 609 a
753 562 1014 612 amu-amm
1039 571 1045 580 ⁴

372 708 590 771 Conscendunt
602 707 634 769 in
646 727 752 787 equos,
765 709 917 789 Tyrioque
930 710 1069 771 nubentis
1081 728 1155 772 struo

371 805 470 883 Terga
482 812 622 882 premunt
635 821 767 880 auroque
780 822 884 881 graves
897 804 1089 865 moderantur
1102 804 1245 868 bahem

372 897 521 975 Equibus
535 899 682 970 Ismenos,
697 896 980 973 quimatrisarcins
991 897 1146 973 quondam
1351 911 1355 918 ·

371 992 471 1051 Prhna
483 1010 555 1051 suae
568 991 671 1064 luerat,
686 990 759 1050 dnm
772 1000 886 1050 ceruam
900 990 992 1052 flectit
1004 990 1037 1050 in
1051 991 1157 1052 orbern
1306 1004 1355 1057 su

371 1084 582 1161 Quadrupedis
596 1101 700 1144 nuens
713 1082 943 1160 spumantiaque
955 1103 1008 1144 ora
1020 1086 1148 1160 enimet

372 1176 435 1236 Hei
448 1176 538 1236 rnihil
559 1177 727 1237 conclamat
737 1174 902 1252 medioque
914 1177 947 1235 in
959 1187 1082 1255 pectore
1095 1178 1174 1242 tima
1221 1220 1223 1224 »

370 1269 447 1329 Tela
458 1270 542 1349 gerit,
556 1270 707 1347 frenisque
720 1285 811 1329 manu
824 1270 971 1331 moriente
984 1271 1115 1333 remissis
1161 1313 1164 1318 -

370 1363 409 1422 Iu
423 1362 500 1422 latus
514 1380 533 1422 a
545 1362 651 1422 dextro
663 1361 818 1439 paullatim
832 1362 937 1424 defluit
949 1382 1040 1424 armo

371 1454 535 1529 Proximus,
550 1454 1113 1533 anditosoninrperinanepharetrae,
1307 1475 1350 1524 ψ

370 1549 469 1608 Frena
481 1548 573 1608 dabat
588 1548 715 1627 Sipylus,
730 1548 822 1607 veluti
837 1567 929 1625 quum
942 1550 1095 1626 praescius
1108 1549 1212 1613 imbris

370 1642 460 1702 Nube
473 1642 547 1719 sugit
560 1641 624 1701 visa
636 1641 859 1719 pendentiaque
872 1642 1006 1720 undique
1020 1653 1118 1705 rector

369 1736 503 1797 Carbasa
517 1733 647 1808 deducit,
662 1753 702 1795 ne
716 1753 775 1812 qua
788 1735 863 1795 levis
877 1736 977 1796 effluat
989 1755 1069 1797 aura

369 1831 466 1889 Frena
480 1838 581 1887 tamen
594 1828 716 1889 danum
731 1847 792 1888 non
806 1828 946 1888 evitabile
959 1830 1053 1889 telum

370 1922 580 1999 Consequitur,
596 1939 770 1999 summaque
784 1932 915 1982 tremens
929 1923 1045 1983 cervice
1058 1922 1169 2002 sagitta
1187 1951 1190 1956 ·

370 2015 487 2088 Haesit,
502 2023 533 2075 et
546 2015 683 2075 exstabat
695 2015 815 2075 nudum·
823 2015 861 2075 de
874 2026 992 2093 gutture
1006 2017 1125 2076 serrum.

370 2108 435 2181 Ille,
450 2117 484 2167 ut
497 2117 559 2168 erat
572 2125 693 2185 pronus,
707 2126 762 2185 per
774 2108 854 2169 oolla
865 2108 999 2168 adrnism
1016 2110 1165 2187 jubasque

369 2200 514 2274 Volvitur,
529 2209 560 2260 et
573 2201 672 2261 calido
685 2201 820 2260 tellurem
834 2202 980 2278 sanguine
992 2201 1101 2263 foeda

252 2362 257 2374 ¹
370 2293 552 2354 Phaedimus
565 2294 667 2353 infelix
680 2304 711 2353 et
723 2293 794 2354 aviti
808 2294 939 2354 nummis
952 2295 1040 2355 heres

369 2387 523 2461 Tantalus,
539 2396 573 2446 ut
585 2387 675 2447 solito
688 2388 779 2447 tinem
793 2388 963 2463 imposuere
976 2388 1080 2462 labori,

368 2480 562 2569 'Il‘ansier'ant
575 2480 614 2539 ad
628 2497 704 2558 opus
717 2479 830 2540 nitidae
841 2480 974 2559 juvenile
986 2481 1152 2558 palaestrae
1162 2502 1173 2557 3

370 2574 410 2633 Et
427 2572 491 2650 jam
504 2574 692 2633 contulerant
705 2582 769 2633 arto
784 2571 928 2633 luctantia
939 2592 1019 2633 nexu
1124 2569 1131 2585 ⁶

371 2666 496 2725 Pectora
509 2665 688 2743 pectoribus,
704 2683 796 2743 quum
809 2675 894 2725 tento
907 2664 1025 2739 concita
1038 2683 1140 2742 nervo,

372 2758 455 2819 Sicut
469 2768 554 2819 erant
569 2758 674 2838 juncti,
688 2758 805 2838 trajecit
817 2767 976 2835 utrumque
989 2758 1105 2838 sagitta.

371 2854 548 2931 Ingemuere
562 2852 659 2926 simul,
675 2852 764 2912 simul
777 2851 931 2912 incurvata
943 2852 1048 2912 dolore

372 2945 511 3004 Membra
524 2945 589 3005 solo
603 2962 737 3022 posuere,
752 2945 841 3004 simul
855 2961 995 3021 suprema
1011 2945 1147 3023 jacentes

371 3037 499 3098 Lumina
512 3046 675 3111 versarunt,
690 3038 821 3097 animam
834 3037 924 3097 simul
937 3038 1121 3098 exhalamnt

372 3131 511 3208 Adspicit
524 3131 680 3208 Alphenor
693 3130 862 3206 laniataque
875 3140 998 3207 pectora
1010 3130 1158 3209 plangens

372 3225 512 3298 Advolat,
526 3235 559 3284 ut
571 3224 688 3303 gelidos
701 3223 907 3301 complexibus
920 3223 1029 3283 allevet
1042 3233 1132 3299 artus,

372 3321 470 3395 Inque
483 3318 534 3395 pio
548 3316 628 3378 cadit
641 3316 758 3377 officio:
777 3333 847 3375 nam
862 3316 968 3376 Delius
982 3316 1026 3375 illi
1248 3325 1250 3334 ·

372 3412 484 3473 Intima
496 3408 1002 3488 fatiferorupitpraeoordiaferro3
1212 3463 1215 3470 l

372 3504 464 3579 Quod
477 3502 565 3564 simul
579 3503 720 3563 eductrrrn
733 3511 788 3575 est,
803 3512 932 3579 parsest
944 3500 1096 3579 pulmonis
1108 3500 1142 3561 in
1154 3500 1251 3564 hamis

372 3600 473 3672 Eruta,
488 3614 615 3673 cumque
629 3595 728 3655 anima
740 3612 827 3655 cruor
840 3603 888 3654 est
900 3595 1011 3655 effrrsus
1024 3594 1056 3653 in
1068 3612 1165 3655 auras

371 3693 414 3751 At
427 3710 488 3751 non
502 3690 654 3750 intonsum
667 3687 795 3765 simplex
808 3688 1066 3748 Damasichthona
1077 3688 1186 3749 vulnus

373 3784 492 3844 Afficit:
511 3782 587 3843 ictus
601 3789 673 3854 erat,
687 3799 748 3857 qua
759 3799 827 3841 crus
840 3798 909 3858 esse
921 3780 1027 3858 incipit
1038 3791 1071 3841 et
1083 3800 1145 3857 qua

373 3877 479 3938 hlollia
493 3876 625 3936 nodosus
638 3875 709 3935 lacit
723 3874 894 3935 internodia
905 3875 1022 3952 poples,
1315 3921 1319 3928 .

305 3985 316 4010 ⁰
373 3967 1135 4048 Dumquemanutsatatunhereexitiabiletelum,
1235 4003 1238 4014 ·
