3550 4859
740 588 902 635 m
919 588 1031 633 mar.

399 740 477 803 Inde
492 742 578 819 Gyan
592 738 749 817 lptamrpre
761 735 874 814 ingenti
887 736 969 796 mole
982 734 1173 797 Chimaeram

399 833 620 911 Consequitur;
640 830 728 904 cedit,
741 829 1029 908 quatiam-spoliata
1040 828 1183 907 magistro
1195 837 1249 891 eet.
1370 875 1373 880 -

399 929 486 990 Solus
498 929 619 1004 jamque
634 924 700 1001 ipro
715 922 967 1001 superestiosrne
981 923 1170 997 Cloanthns3
1339 941 1378 989 ut

400 1022 499 1096 Quem
514 1019 597 1097 petit,
611 1028 643 1077 et
656 1015 779 1076 summis
792 1016 920 1076 adnixus
931 1014 1043 1076 viribus
1056 1025 1170 1094 urguet.

399 1116 479 1174 Tum
493 1131 564 1173 vero
578 1110 741 1188 ingeminat
753 1110 876 1183 clamor,
891 1108 1052 1186 cunctique
1066 1119 1242 1186 sequentem

400 1206 549 1284 Instigant
563 1203 678 1276 studiis,
694 1211 872 1278 resonatque
887 1201 1051 1279 fragoribus
1064 1202 1175 1263 aether.

401 1300 444 1360 Hi
459 1298 611 1377 proprium
625 1297 718 1356 decus
732 1306 762 1356 et
776 1289 893 1373 partum
907 1295 1098 1373 indignantur
1111 1296 1264 1378 honorem¹

400 1392 441 1452 Ni
457 1400 587 1464 teneant,
602 1389 754 1465 vitamque
767 1389 872 1448 volunt
885 1407 942 1464 pro
956 1388 1045 1448 laude
1058 1386 1189 1466 pacisci;
1341 1413 1380 1457 ψ

401 1488 471 1546 Hos
485 1500 642 1545 successus
655 1481 725 1542 alit:
745 1492 880 1559 possunt,
896 1480 967 1558 quia
979 1498 1069 1558 posse
1081 1482 1228 1543 videntur.

401 1580 439 1637 Et
455 1578 515 1637 fors
529 1574 663 1653 aequatis
676 1573 826 1652 cepissent
839 1573 973 1651 praemia
984 1573 1093 1648 rostris,

400 1669 441 1732 Ni
456 1672 571 1749 palmas
586 1679 680 1746 ponto
695 1667 823 1728 tendent
835 1678 977 1744 utrasque
991 1666 1158 1728 Cloanthus

401 1764 599 1840 Fudissetque
613 1779 726 1839 preces,
742 1759 886 1838 divosque
900 1759 932 1819 in
945 1771 1017 1821 vota
1029 1770 1183 1821 vocasset:

402 1858 451 1931 Di,
464 1856 573 1934 quibus
587 1853 742 1932 imperium
757 1852 855 1931 pelagi
869 1863 923 1927 est,
936 1871 1062 1931 quorum
1076 1872 1208 1932 aequora
1220 1870 1315 1928 curro,
1340 1875 1379 1921 m

400 1949 497 2018 Vobis
511 1951 605 2010 laetus
619 1966 676 2025 ego
689 1948 749 2008 hoc
762 1947 943 2008 candentem
956 1946 987 2007 in
1001 1946 1086 2008 litore
1100 1958 1217 2008 taurum

402 2042 589 2106 Constituam
604 2051 673 2101 ante
688 2058 762 2114 aras,
776 2039 839 2102 voti
853 2058 930 2113 reus,
946 2050 1073 2117 extaque
1088 2041 1184 2102 salsos

402 2136 567 2197 Porriciarn
577 2134 608 2194 in
622 2132 729 2193 fluems
743 2144 774 2193 et
788 2132 857 2193 vina
870 2131 1015 2210 liquentia
1028 2134 1161 2199 fundam.

403 2229 496 2303 Dixit,
512 2247 640 2304 eumque
655 2226 722 2286 imis
736 2227 792 2286 sub
806 2225 946 2311 fluctibus
960 2225 1054 2287 audiit
1066 2226 1166 2287 omnir
1371 2273 1375 2280 .

403 2322 567 2384 Nereidum
581 2320 750 2396 Phorcique
764 2319 873 2381 chorus
887 2320 1089 2397 Panopeaque
1101 2319 1194 2398 virgo,
1342 2339 1381 2385 ιο

403 2418 442 2478 Et
455 2427 539 2494 pater
552 2414 616 2491 ipse
630 2429 720 2473 manu
735 2431 844 2491 magna
858 2414 1008 2473 Portunus
1022 2424 1145 2475 euntem
1366 2429 1368 2434 ·

403 2508 526 2587 Impulit
537 2530 545 2582 ;
565 2507 616 2567 illa
630 2508 714 2567 Noto
727 2505 816 2567 citius
829 2505 1003 2583 volucrique
1017 2506 1124 2585 sagitta

403 2603 453 2664 Ad
467 2612 575 2663 terrant
588 2599 670 2677 sugit,
684 2609 718 2660 et
731 2609 820 2677 portu
834 2618 867 2660 se
881 2599 1018 2661 condidit
1032 2601 1101 2661 alto.

401 2696 481 2755 Tum
495 2705 575 2755 satus
590 2692 731 2766 Anchisa,
746 2691 862 2753 cunctis
875 2709 913 2753 ex
927 2709 1009 2753 more
1023 2691 1145 2767 vocatia,

402 2788 554 2849 Victorem
569 2803 677 2863 magna
689 2783 846 2862 praeconis
859 2802 935 2846 voce
950 2786 1134 2847 Cloanthum
1341 2809 1380 2851 uo

404 2883 551 2953 Declarat,
566 2878 710 2955 viridique
725 2879 843 2939 advelat
856 2889 992 2956 tempora
1005 2879 1089 2939 lauro
1100 2900 1109 2953 3

404 2977 591 3050 Muneraque
605 2970 635 3031 in
649 2989 741 3031 naves
755 2982 857 3032 ternos
871 2983 977 3049 optare
990 2973 1137 3049 juvencos

403 3067 540 3144 Vinaque
555 3076 585 3125 et
599 3062 712 3143 argenti
725 3081 867 3142 magnum
881 3064 934 3125 dat
947 3064 1024 3125 ferre
1036 3064 1188 3125 taleheim

404 3159 484 3237 Ipsis
497 3158 674 3238 praecipuos
688 3157 864 3220 ductoribus
876 3157 962 3219 addit
975 3158 1126 3219 honoresr

404 3251 517 3313 Victori
531 3250 717 3331 chlamydem
732 3261 874 3325 auratam,
890 3269 981 3329 quam
995 3250 1124 3329 plurima
1136 3248 1248 3311 circum
1344 3276 1382 3316 2⁵0

406 3348 540 3424 Purpura
552 3345 719 3406 Maeandro
733 3345 847 3422 duplici
862 3344 1016 3406 Meliboea
1029 3342 1166 3419 cucurrit,

406 3441 599 3515 lntextusque
612 3456 687 3516 puer
699 3439 842 3498 frondosa
854 3438 952 3515 regius
967 3438 1025 3498 lda

406 3532 532 3592 Veloces
545 3532 646 3608 jaculo
658 3547 764 3591 cervos
777 3547 924 3607 cursuque
937 3527 1049 3608 fatigat,

404 3628 490 3698 Acer,
505 3623 657 3684 anhelanti
671 3622 783 3697 similis,
798 3640 889 3699 quem
902 3640 1029 3700 praepes
1042 3624 1081 3683 ab
1096 3620 1154 3683 Iria

405 3717 567 3778 Sublimem
582 3716 709 3794 pedibus
723 3714 820 3792 rapuit
833 3714 917 3793 Jovis
932 3714 1058 3792 armiger
1070 3714 1174 3789 uncia3
1342 3731 1382 3780 aes

404 3810 559 3888 Longaevi
573 3810 688 3887 palmas
703 3808 906 3884 nequidquam
921 3808 960 3868 ad
974 3807 1071 3868 nidera
1084 3807 1212 3868 tendunt

406 3904 563 3976 Custodes,
579 3900 731 3976 saevitque
745 3915 854 3960 cauum
868 3900 990 3960 latratur
1003 3897 1035 3959 in
1048 3917 1143 3960 aurae

405 3995 513 4074 Atqui
527 3994 637 4055 deinde
651 3994 752 4052 locum
763 3991 861 4063 ¹tenuit
874 3992 981 4056 virtute
993 3992 1170 4067 mmm,
