3550 4859
387 543 454 602 τοῦ·
700 558 726 603 1³.
745 557 880 602 vruorru
902 557 1045 603 uruours

385 704 474 765 Ferre
488 722 609 763 manum
624 704 757 780 duroque
771 701 928 763 intendere
940 670 1064 764 brachia
1078 712 1167 780 tergo.

385 796 574 873 Obstupuere
589 796 698 856 animi:
718 806 869 857 tantorum
884 795 1016 873 ingentia
1030 805 1145 872 septem

384 890 483 966 Terga
496 890 589 950 boum
602 890 726 966 plumbo
740 889 839 950 insuto
853 890 992 966 ferroque
1005 889 1148 965 rigebant.
1326 917 1369 958 40³

384 982 464 1042 Ante
479 983 577 1042 omnis
591 992 691 1060 stupet
705 983 769 1059 ipse
783 985 887 1055 Dares,
904 983 1052 1058 longeque
1067 989 1204 1057 recusat;

385 1075 655 1152 Magnanimusque
669 1075 867 1136 Anchisiades
881 1085 912 1135 et
926 1075 1045 1151 pondus
1059 1075 1169 1151 etipsa

386 1169 458 1228 Huc
473 1168 542 1227 illuc
557 1169 722 1228 vinclorum
737 1168 883 1228 immensa
896 1167 1048 1227 volumina
1061 1178 1168 1228 versat.

384 1262 464 1320 Tum
477 1262 577 1321 senior
591 1263 665 1321 tales
679 1261 827 1321 referebat
840 1271 963 1338 pectore
977 1279 1085 1321 voces:
1371 1324 1374 1328 ,

385 1352 477 1428 Quid,
491 1354 516 1413 si
531 1354 597 1431 quis
610 1364 726 1415 caestus
740 1354 833 1431 ipsius
847 1365 878 1413 et
894 1353 1034 1413 Herculis
1048 1373 1131 1414 arma
1327 1384 1369 1421 ,ιο

340 1465 344 1471 ·
384 1445 518 1508 Vidisset
532 1446 706 1525 tristemque
720 1448 779 1507 hoc
793 1447 861 1523 ipso
875 1447 906 1505 in
921 1447 1007 1506 litore
1021 1448 1172 1525 pugnam?

385 1540 474 1623 Haec
486 1559 646 1617 germanus
661 1543 740 1619 Eryx
753 1540 906 1617 quondam
920 1550 988 1599 tuus
1002 1558 1085 1599 arma
1096 1541 1218 1617 gerebat
1229 1561 1288 1615 3-

386 1633 536 1711 Sanguine
550 1632 645 1693 cernis
659 1633 757 1694 adhuc
770 1651 934 1711 sparsoque
949 1633 1059 1693 infecta
1073 1635 1245 1693 cerebro-

386 1726 446 1787 His
460 1744 600 1803 magnum
614 1726 743 1787 Alciden
757 1736 862 1787 contra
876 1724 975 1800 stetit3
995 1726 1042 1785 his
1056 1744 1113 1803 ego
1127 1736 1236 1801 suetus,

385 1820 467 1879 Dum
481 1818 586 1879 melior
598 1818 674 1879 vires
688 1818 807 1896 sanguis
820 1819 921 1893 dabat,
936 1819 1053 1879 aemula
1066 1821 1196 1880 necdum
1327 1848 1366 1888 us

384 1912 585 1989 Temporibus
598 1913 723 1989 geminis
737 1915 865 1973 canebat
878 1932 982 1990 sparsa
996 1923 1141 1973 senectus.

386 2005 447 2067 Sed
462 2004 487 2083 si
501 2017 603 2065 nostra
618 2006 714 2065 Dares
727 2006 802 2066 haec
815 2005 924 2065 Troius
939 2024 1020 2065 arma
1032 2016 1164 2079 recusat·

385 2098 483 2175 quue
497 2099 549 2175 pio
564 2098 650 2159 sedet
663 2101 793 2172 Aeneae,
808 2100 916 2175 probat
930 2108 1034 2158 auctor
1046 2101 1181 2174 Acestes,

385 2193 560 2268 Aequemus
574 2211 696 2269 pugnas.
740 2192 844 2269 Erycis
858 2190 913 2252 tibi
927 2200 1009 2268 terga
1022 2190 1160 2267 remitto3

386 2284 476 2346 Solve
490 2296 607 2358 metus3
627 2295 658 2345 et
672 2296 704 2345 tu
718 2284 865 2363 Trojanos
879 2302 955 2344 exue
969 2295 1094 2344 caestus
1326 2315 1369 2353 420

385 2380 474 2439 Haec
486 2379 564 2438 fetus
578 2377 728 2456 duplicem
743 2397 781 2437 ex
794 2376 925 2437 humeris
938 2376 1039 2456 rejecit
1053 2375 1203 2452 amictum,

276 2474 279 2481 '
385 2472 424 2531 Et
438 2489 563 2548 magnos
577 2472 778 2531 membrorum
791 2482 879 2545 artus,
895 2490 1003 2548 magna
1016 2489 1085 2531 ossa
1098 2471 1286 2549 lacertosque
1355 2511 1358 2518 ·

385 2564 483 2638 Exuit,
498 2574 588 2641 atque
603 2565 707 2641 ingens
721 2564 820 2624 media
834 2563 971 2623 consistit
983 2583 1081 2624 arena

383 2658 463 2716 Tum
477 2666 558 2717 satus
573 2656 707 2717 Anchisa
720 2667 838 2717 caestus
851 2667 936 2733 pater
949 2656 1054 2717 extulit
1065 2676 1187 2733 aequos,

384 2750 424 2809 Et
436 2749 556 2827 paribus
571 2751 685 2826 palmas
699 2751 854 2810 amborum
869 2748 1003 2809 innexuit
1017 2750 1113 2809 armis,
1324 2779 1367 2818 μ,

383 2843 526 2904 Constitit
541 2844 571 2901 in
586 2842 695 2919 digitos
709 2844 860 2919 extemplo
873 2854 1004 2904 arrectus
1017 2853 1150 2921 uterque,

384 2935 568 3012 Brachiaque
583 2937 621 2995 ad
636 2954 758 3013 superas
772 2936 919 2997 interritus
934 2936 1039 2997 extulit
1052 2956 1146 2997 auras.

382 3028 545 3088 Abduxere
559 3038 637 3088 retro
652 3030 740 3106 longe
753 3029 852 3107 capita
866 3029 958 3089 ardua
971 3030 1010 3089 ab
1024 3028 1093 3103 ictu,
1315 3097 1319 3102 ‚

384 3121 619 3198 Immiscentque
633 3141 739 3182 manus
752 3122 899 3197 manibus,
914 3142 1104 3201 pugnamque
1117 3121 1275 3184 lacessunt.

384 3214 440 3274 Ille
454 3215 566 3291 pedum
579 3216 685 3276 melior
697 3226 790 3289 motu,
805 3216 956 3293 fretusque
967 3217 1099 3295 juventa,
1324 3244 1366 3286 w

384 3307 447 3368 Hic
461 3309 601 3368 membris
615 3318 646 3369 et
660 3310 740 3369 mole
753 3309 876 3385 valens3
897 3310 950 3369 sed
964 3310 1049 3370 tarda
1062 3309 1200 3370 trementi
1245 3351 1247 3355 ι

383 3402 492 3461 Genua
505 3402 615 3475 labant,
631 3414 730 3463 vastos
745 3402 841 3479 quatit
853 3422 942 3480 aeger
956 3403 1103 3464 anhelitus
1117 3412 1218 3463 artus

384 3494 483 3554 Multa
494 3493 550 3555 viri
563 3494 765 3571 nequidquam
780 3496 856 3557 inter
870 3514 904 3555 se
917 3496 1041 3556 vulnera
1051 3496 1175 3575 jactant,

384 3585 483 3648 Multa
496 3606 571 3647 cavo
585 3587 669 3647 lateri
683 3587 867 3665 ingeminant
881 3600 912 3649 et
925 3599 1046 3665 pectore
1060 3599 1162 3650 vastos
1350 3654 1353 3657 ,

384 3682 467 3741 Dant
480 3680 604 3755 sonitus,
619 3693 756 3758 erratque
769 3701 855 3760 aures
868 3692 899 3742 et
912 3692 1048 3759 tempora
1060 3682 1174 3744 circum
1325 3712 1366 3752 os

383 3775 499 3835 Grebra
511 3784 625 3848 manus,
641 3774 717 3834 duro
730 3775 878 3852 crepitant
893 3776 949 3835 sub
963 3776 1085 3836 vulnere
1099 3775 1203 3838 malae.

384 3869 450 3929 Stat
463 3867 559 3945 gravis
574 3868 710 3929 Entellus
723 3868 849 3945 nisuque
863 3869 1004 3930 immotus
1019 3869 1137 3943 eodem,

384 3963 518 4041 Corpore
533 3963 593 4024 tela
606 3961 698 4023 modo
711 3971 803 4039 atque
816 3961 910 4035 ocrdis
923 3961 1114 4041 vigilantibus
1127 3960 1197 4046 exit.
1287 4043 1294 4052 .
1319 4021 1324 4031 .
1346 4023 1351 4030 .
