3550 4859
399 534 446 607 stt.
702 528 760 589 ’.τε
784 545 1042 590 ωωιι.ιιΑωιω
1068 546 1072 552 ·

398 691 507 751 Vimen
521 690 552 749 in
566 709 696 768 aequore
710 692 837 752 erattiut
851 710 940 768 orper
953 709 1083 767 aequora
1095 708 1207 751 saxum.
1252 704 1256 712 ·
1291 715 1295 720 ·
1335 728 1337 732 ,

438 784 494 844 Dis
508 784 600 845 tribus
615 786 664 845 ille
672 785 763 845 'focos
775 784 901 845 aufide-
916 786 956 844 de
969 782 1082 861 cespite
1095 783 1190 860 ponit,

398 881 530 939 Laevum
546 877 704 951 Mercurio,
720 878 856 938 dextrum
865 876 933 951 tibi,
948 877 1057 938 bellica
1069 876 1183 954 Virgo;

398 974 460 1031 Ara
473 970 557 1047 Jovis
570 970 670 1031 media
682 981 735 1031 est
780 972 932 1030 Mactatur
943 989 1037 1030 vacca
1051 969 1216 1043 Minervae,

396 1064 518 1141 Alipedi
531 1064 647 1137 vitulus,
663 1073 763 1123 taurus
772 1062 840 1137 tibi,
856 1081 971 1123 armine
986 1064 1118 1123 deorum

398 1157 536 1217 Protinus
550 1157 763 1217 Andromeden
778 1166 808 1216 et
821 1156 897 1216 tanti
911 1155 1042 1233 praemia
1056 1155 1125 1216 facti

398 1250 540 1310 Indotata
553 1248 647 1327 rapit:
666 1250 771 1309 taedas
785 1246 980 1327 Hymenaeus
994 1251 1148 1326 Amorque

398 1343 607 1417 Praecutiunt;
626 1342 713 1419 largis
727 1342 870 1402 satiantur
879 1341 1025 1402 odoribus
1039 1343 1131 1419 ignes,

398 1438 540 1513 Sertaque
555 1436 728 1513 dependent
736 1434 836 1510 tectis,
851 1444 882 1495 et
895 1434 1007 1511 ubique
1020 1436 1159 1512 lyraeque

396 1528 544 1606 Tibiaque
558 1538 589 1589 et
603 1539 715 1603 cantus,
732 1527 823 1588 animi
837 1527 934 1589 felicia
946 1528 1016 1588 laeti

311 1644 315 1652 ·
397 1625 589 1699 Argumenta,
604 1631 733 1695 sonant3
752 1620 887 1681 reseretis
900 1640 992 1682 aurea
1003 1620 1097 1682 valvis

396 1714 481 1775 Atria
495 1725 558 1775 tota
571 1725 683 1792 patent,
698 1713 1040 1791 prdchroqueinstructa
1053 1724 1158 1791 paratu

397 1809 575 1886 Cephenum
589 1827 727 1885 proceres
733 1807 844 1868 :ineunt
857 1806 994 1870 convivia
1007 1808 1091 1885 regis

398 1905 562 1978 Postquam
576 1900 671 1978 epulis
684 1896 779 1962 functi
787 1900 929 1979 generosi
941 1920 1064 1962 munere
1076 1900 1187 1961 Bacchi

398 1995 551 2054 Diffudere
566 1995 690 2067 animos,
706 1994 861 2071 cultusque
875 2011 1030 2071 genusque
1043 1994 1177 2054 locorum

398 2086 521 2160 Quaerit
534 2086 738 2147 Abantiades:
758 2087 913 2163 quaerenti
925 2086 1060 2163 protinus
1074 2106 1151 2147 unus

399 2183 514 2253 Narrat,
530 2179 687 2263 Lyncides,
703 2198 859 2256 moresque
873 2178 1069 2256 habitrmrque
1082 2179 1219 2240 virorum.

398 2272 485 2347 Quae
500 2273 587 2332 simul
605 2271 847 2346 edocuit-Nunc,
860 2271 1064 2345 nequissime,
1080 2272 1163 2346 dixit,

400 2367 474 2425 Fare
489 2385 601 2443 precor,
618 2368 736 2439 Persen,
752 2377 865 2441 quanta
876 2363 984 2425 virtute
997 2364 1165 2443 quibusque

397 2458 519 2519 Artibus
533 2457 689 2519 abstuleris
698 2457 808 2519 crinita
821 2458 1000 2520 draconibus
1014 2476 1073 2518 ora

398 2554 506 2611 Narrat
520 2552 714 2628 Agenorides,
725 2550 829 2628 gelido
843 2552 899 2611 sub
911 2552 1035 2611 Atlante
1045 2552 1198 2630 jacentem

398 2646 473 2705 Esse
487 2646 596 2717 locum,
612 2644 725 2705 solidae
735 2653 835 2704 tutum
849 2643 1014 2704 munimine
1027 2643 1123 2718 molis,

399 2738 492 2817 Cujus
506 2738 537 2797 in
552 2736 674 2798 introitu
686 2736 820 2814 geminas
833 2736 984 2797 habitasse
999 2756 1116 2798 sorores

399 2830 570 2904 Phorcidas,
586 2830 672 2890 unius
689 2829 942 2892 sortitas.=luminis
956 2849 1060 2905 usum,

399 2923 440 2984 td
452 2943 484 2983 se
499 2923 608 2984 sollerti
624 2922 731 2997 furtim,
743 2924 819 2984 dum
830 2923 964 2997 traditur,
979 2934 1045 2984 astu

400 3016 562 3093 Supposita
576 3016 690 3093 cepisse
704 3036 803 3090 manu,
818 3036 930 3093 perque
938 3016 1048 3077 abdita
1060 3016 1150 3096 louge

399 3108 555 3185 Deviaque
569 3120 600 3170 et
613 3109 694 3170 silvis
708 3108 859 3170 horrentia
869 3128 941 3170 saxa
954 3108 1077 3187 fragosis
1213 3160 1215 3166 .

399 3204 576 3279 Gorgoneas
590 3201 721 3279 tetigisse
735 3203 852 3276 domos,
867 3202 1038 3279 passimque
1052 3222 1106 3279 per
1118 3213 1205 3281 egros
1225 3254 1227 3258 Α
1324 3235 1327 3240 -
1367 3196 1371 3205 “

399 3298 516 3373 Perque
530 3294 716 3356 viasvidisse
729 3295 885 3358 bourinum
899 3294 1056 3356 simrdacra
1068 3296 1256 3374 ferarumque
1342 3313 1381 3364 ‚u

400 3392 439 3452 In
453 3388 566 3448 silicem
581 3407 617 3447 ex
631 3387 703 3466 ipsis
717 3388 781 3450 uisa
793 3407 939 3450 conuersa
952 3389 1101 3464 Medusa;
1128 3434 1129 3437 ,
1379 3404 1382 3408 ·

402 3483 441 3542 Se
456 3492 556 3541 tamen
570 3482 736 3542 horrendae
750 3481 855 3560 clypei,
871 3482 954 3558 quod
968 3482 1054 3542 laeva
1066 3483 1197 3559 gerebat,

324 3594 327 3599 ·
401 3577 479 3634 Aere
494 3567 806 3651 repercusso'formam
819 3574 991 3651 adspexisse
1007 3575 1163 3649 Medusae,

401 3670 541 3744 Dumque
556 3666 653 3745 gravis
667 3685 789 3728 somnus
802 3668 940 3728 colubras
956 3666 1112 3745 ipsamque
1126 3670 1258 3743 tenebat,
1372 3691 1375 3696 ·

402 3759 552 3837 Eripuisse
566 3769 656 3836 caput
669 3760 749 3822 collo
760 3781 769 3834 ;
779 3758 955 3837 pennisque
969 3760 1106 3837 fugacem
1293 3794 1296 3800 ·
1342 3779 1383 3830 γε,

402 3856 538 3930 Pegason
553 3863 583 3912 et
597 3853 715 3913 fratrem
729 3852 831 3914 matris
840 3854 883 3916 de
898 3852 1043 3929 sauguine
1056 3864 1144 3916 natos

401 3945 537 4020 Addidit,
553 3956 583 4005 et
596 3944 988 4025 longi,nou.lalsapericula
1001 3965 1112 4026 cursus,
1233 4005 1239 4012 .
1338 4006 1342 4014 ,
1372 3981 1376 4010 ;
