3550 4859
680 585 838 631 munos
859 585 918 632 LIB.
942 588 987 634 111.

349 728 487 792 Postibus
501 727 632 790 adversis
645 729 715 808 figo,
730 742 761 792 et
774 751 837 793 rem
850 734 980 795 camnine
995 732 1080 812 signo
1091 755 1099 796 z

348 829 478 886 Annaxs
500 840 584 882 uase
606 840 649 881 nn
670 840 787 885 nnunts
804 842 991 887 vrcronrsrrs
1009 845 1107 887 anun.

347 918 495 995 Linquere
510 927 573 975 tum
587 927 690 993 portus
700 917 793 995 jubeo
808 928 838 978 et
851 918 1007 981 considere
1022 920 1163 982 transtris.

348 1010 490 1072 Certatim
505 1007 577 1069 socii
592 1008 700 1069 feriunt
714 1029 794 1070 mare
808 1021 840 1071 et
853 1030 983 1089 aequora
996 1023 1122 1073 venunt.

347 1105 487 1165 Protinus
501 1102 595 1163 aerias
610 1103 781 1163 Phaeacum
795 1105 1008 1166 abscondimus
1022 1125 1114 1181 arces,

346 1197 507 1275 Litoraque
522 1194 745 1273 Epirilegimus
759 1199 1060 1275 portuquesubimus·

347 1280 484 1352 Chaonio
498 1300 528 1351 et
541 1291 654 1350 celsam
669 1291 806 1349 Buthroti
820 1291 991 1351 accedimus
1005 1294 1119 1352 urbem.

388 1384 449 1443 Hic
464 1382 645 1443 incredibilis
659 1401 756 1443 rerum
770 1382 850 1442 sama
864 1394 994 1462 occupat
1007 1376 1093 1445 ¹aures

345 1476 515 1537 Priamiden
531 1477 684 1537 Helenum
699 1475 804 1537 Graias
817 1495 940 1552 regnare
954 1496 1008 1554 per
1021 1480 1119 1552 urbes,

345 1570 495 1647 Coniugio
509 1568 659 1630 Aeacidae
675 1568 777 1647 Pyrrhi
793 1568 975 1647 sceptrisque
989 1570 1125 1648 potitum,

345 1664 385 1723 Et
398 1662 494 1740 patrio
509 1663 740 1723 Andromachen
755 1661 862 1722 iterum
876 1663 1002 1723 cessisse
1017 1663 1132 1724 marito.

344 1755 504 1833 Obstupui,
520 1755 654 1833 miroque
669 1757 824 1817 incensum
838 1766 943 1833 pectus
957 1774 1067 1830 amore,

344 1850 535 1926 Compellare
549 1850 644 1909 virum
659 1860 689 1910 et
702 1869 790 1909 casus
804 1867 986 1927 cognoscere
1001 1859 1109 1909 tantos.

344 1942 522 2021 Progredior
535 1945 632 2020 po'rtu,
648 1943 760 2003 classes
767 1952 799 2002 et
810 1942 898 2004 litora
911 1941 1058 2020 linquens,

281 2085 284 2094 .
343 2036 511 2096 Sollemnes
526 2054 617 2113 quum
631 2036 706 2096 forte
720 2037 813 2113 dapes
827 2048 857 2097 et
870 2036 965 2096 tristia
979 2035 1060 2095 dona

343 2131 426 2188 Ante
441 2130 544 2189 urbem
559 2128 590 2188 in
605 2130 673 2189 luco
687 2129 753 2189 salsi
768 2129 928 2190 Simoentis
942 2129 981 2206 ad
995 2129 1108 2189 undam

342 2221 474 2283 Libabat
487 2221 578 2282 cineri
592 2223 803 2283 Andromache
818 2225 986 2299 Manesque
1000 2224 1128 2282 vocabat

343 2316 533 2375 Hectoreum
547 2316 585 2375 ad
600 2316 754 2390 tumulum,
769 2314 854 2375 viridi
869 2336 959 2393 quem
974 2314 1105 2392 caespite
1119 2312 1239 2376 inanem

344 2410 384 2469 Et
397 2407 540 2486 geminas,
556 2427 692 2468 caussam
706 2407 842 2483 lacrimis,
858 2419 1023 2470 sacraverat
1037 2426 1111 2468 aras
1286 2437 1322 2477 305

343 2504 389 2562 Ut
403 2521 451 2563 me
466 2500 622 2579 conspexit
634 2500 803 2563 venientem
818 2512 848 2563 et
861 2502 953 2563 Troia
966 2501 1077 2563 circum

344 2598 439 2655 Arma
453 2615 556 2656 amens
570 2594 653 2669 vidit,
668 2595 785 2672 magnis
799 2596 936 2657 exterrita
949 2596 1091 2657 monstris

345 2688 482 2766 Deriguit
495 2688 560 2747 visu
575 2688 605 2746 in
619 2687 729 2762 medio,
745 2690 827 2748 calor
839 2707 911 2749 ossa
923 2690 1061 2768 reliquit3

344 2780 477 2856 Labitur,
493 2792 523 2841 et
537 2782 627 2858 longo
638 2780 688 2840 vix
701 2782 823 2841 taudem
838 2793 972 2860 tempore
985 2784 1079 2844 fatur:

344 2876 463 2934 Verane
478 2885 508 2934 te
521 2873 621 2948 sacies,
637 2893 724 2934 verus
738 2874 811 2933 mihi
824 2875 947 2935 nuntius
960 2878 1054 2951 affers,
1285 2905 1323 2944 310

344 2968 425 3027 Nate
440 2967 517 3027 dea?
533 2966 667 3029 vivisne?
687 2979 747 3042 aut,
763 2966 789 3027 si
802 2969 853 3027 lux
867 2970 946 3028 alma
958 2968 1087 3044 recessit,

343 3062 463 3121 Hector
476 3059 527 3121 ubi
541 3063 606 3121 est?
641 3061 732 3135 Dixit,
748 3062 942 3139 lacrimasque
958 3061 1061 3122 effudit
1075 3072 1105 3123 et
1118 3080 1241 3124 omnem

343 3154 487 3231 Implevit
501 3154 630 3214 clamore
645 3154 752 3214 locum
789 3153 849 3212 Vix
862 3173 959 3232 pauca
972 3155 1079 3215 furenti

341 3246 477 3323 Subjicio
493 3257 522 3306 et
536 3245 607 3305 raris
622 3248 755 3306 turbatus
769 3246 894 3307 vocibus
908 3247 1012 3308 hisco:

340 3338 424 3399 Vivo
439 3339 587 3417 equidem,
603 3338 754 3416 vitamque
769 3351 901 3401 extrema
914 3359 967 3417 per
980 3340 1082 3401 omnia
1095 3341 1193 3416 duco;
1285 3371 1321 3410 ,ις

342 3434 394 3492 Ne
408 3432 521 3506 dubita,
537 3452 606 3491 narn
620 3451 691 3493 vera
703 3432 794 3494 vides

340 3526 416 3584 Heu
428 3529 434 3584 l
453 3524 519 3602 quis
533 3536 563 3585 te
577 3544 664 3584 casus
678 3526 825 3601 dejectam
839 3528 966 3604 conjuge
982 3537 1066 3587 tanto
1164 3604 1166 3608 Ι

340 3616 482 3695 Excipit?
503 3629 553 3677 aut
568 3638 644 3696 quae
659 3618 750 3695 digna
763 3617 835 3678 satis
848 3620 968 3680 fortuna
980 3619 1080 3680 revisit

339 3711 487 3771 Hectoris
501 3712 754 3772 Andromachen?
775 3712 907 3789 Pyrrhin’
923 3712 1074 3773 connubia
1087 3715 1207 3775 servas?

339 3804 463 3880 Dejecit
477 3805 590 3864 vultum
605 3814 635 3864 et
649 3804 779 3865 demissa
792 3823 867 3865 voce
881 3807 982 3866 locuta
995 3815 1057 3866 est:
1284 3837 1322 3876 ,ω

339 3897 371 3957 O
386 3897 458 3957 felix
471 3917 532 3957 una
545 3907 615 3957 ante
629 3897 701 3957 alias
717 3897 863 3958 Priameia
875 3897 967 3975 virgo,

339 3989 497 4051 Hostilem
510 3991 549 4051 ad
564 3991 711 4051 tumulum
724 3992 836 4069 Trojae
849 3992 907 4053 sub
920 3989 1079 4054 moenibus
1087 3990 1159 4054 sitis
