3550 4859
687 582 1006 634 mmmm.-

349 727 446 789 Pestis
457 734 492 790 et
500 728 548 790 'lra
560 729 651 791 deum
665 730 776 809 Stygiis
790 750 857 794 sese
870 731 978 795 extrrlit
989 733 1085 796 andin

347 822 483 901 Vrrginei
496 827 650 886 volucrunt
663 827 771 901 vultus,
785 827 961 889 foedissima
972 826 1084 889 ventris

349 917 511 992 Proluvies‚
526 938 680 996 uncaeque
695 936 808 995 manus,
825 931 856 982 et
868 921 982 999 pallida
996 938 1113 1000 semper

349 1011 412 1071 Ora
424 1011 510 1072 same.

349 1105 422 1164 Huc
436 1104 488 1164 ubi
502 1103 593 1165 delati
607 1114 710 1183 portus
724 1105 906 1182 intravimus,
921 1124 993 1168 ecce

324 1233 328 1238 -
349 1198 444 1258 Laeta
457 1199 548 1258 boum
560 1199 673 1275 passim
686 1199 801 1276 campis
814 1211 948 1261 armenta
960 1200 1096 1262 uidemus

350 1289 609 1368 Caprigenumque
623 1310 716 1369 pecus
730 1294 813 1352 nullo
828 1295 953 1354 custode
967 1312 1021 1371 per
1034 1295 1149 1356 herbas

349 1384 492 1444 Irruimus
507 1385 591 1459 ferro,
607 1395 637 1444 et
651 1385 737 1446 divos
749 1385 908 1464 ipsumque
921 1404 1063 1448 vocamus

350 1479 386 1536 In
400 1488 517 1555 partem
530 1479 731 1556 praedamque
745 1481 870 1556 Jovem3
890 1491 954 1540 tum
968 1481 1054 1541 litore
1068 1499 1159 1541 muro
1195 1533 1197 1538 .

350 1570 593 1648 Exstruimusque
608 1581 691 1632 toros
704 1572 892 1649 dapibusque
907 1575 1062 1650 epulamur
1074 1573 1190 1651 opimis

348 1666 390 1725 At
404 1663 519 1724 subitae
534 1664 671 1724 horn'fico
686 1665 771 1742 lapsu
785 1666 823 1726 de
838 1667 990 1726 montibus
1003 1669 1112 1728 adsunt

348 1757 501 1834 Harpyiae
516 1769 546 1818 et
559 1757 675 1836 magnis
689 1758 827 1834 quatiunt
839 1761 1029 1837 clangoribus
1044 1762 1114 1835 alas,

348 1850 558 1929 Diripiuntque
572 1852 666 1929 dapes
680 1862 880 1929 contactuque
894 1853 996 1914 omnia
1009 1855 1132 1915 foedant

347 1945 528 2021 Immund03
548 1953 611 2005 tum
624 1965 685 2006 vox
698 1956 805 2006 tetrum
819 1946 884 2007 dira
897 1948 974 2007 inter
986 1949 1118 2008 odorem.

346 2039 477 2099 Rursum
492 2039 523 2098 in
538 2054 656 2099 secessu
670 2041 761 2118 longo
771 2041 833 2100 sub
844 2060 918 2118 rupe
931 2052 1044 2115 cavata,

346 2131 512 2193 Arboribus
526 2133 618 2192 clausi
631 2133 742 2194 circum
756 2142 847 2211 atque
860 2134 1048 2195 horrentibus
1061 2135 1183 2211 umbris,

346 2224 522 2286 Instruimus
535 2245 656 2286 mensas
670 2227 787 2304 arisque
801 2227 973 2304 reponimus
986 2227 1104 2306 ignem:

346 2319 477 2378 Rursum
492 2338 529 2379 ex
542 2318 660 2379 diverso
674 2319 751 2380 coeli
765 2320 922 2398 caecisque
936 2321 1058 2382 latebris

344 2413 447 2473 Turba
461 2431 570 2472 sonans
584 2414 727 2490 praedam
741 2413 869 2491 pedibus
882 2414 1075 2475 circumvolat
1087 2414 1181 2491 uncis,

344 2504 455 2565 Polluit
469 2505 636 2584 ore-dapes.
679 2506 774 2567 Sociis
788 2517 869 2582 tuno,
884 2526 967 2568 arma
976 2520 1144 2586 capessant,

344 2597 450 2674 Edico,
466 2609 496 2659 et
510 2599 575 2659 dira
586 2599 698 2659 bollum
712 2619 782 2659 eum
795 2610 885 2678 gente
898 2602 1068 2678 gerendum.

344 2692 439 2752 Haud
453 2711 539 2753 secus
553 2712 588 2752 ac
599 2693 675 2772 jussi
688 2692 809 2767 faciunt,
825 2703 981 2770 tectosque
995 2712 1050 2771 per
1062 2695 1186 2763 herbam

344 2785 519 2863 Disponunt
532 2805 618 2847 enses
632 2795 662 2845 et
677 2796 761 2846 scuta
774 2786 898 2846 latentia
906 2788 1052 2847 condunt

343 2880 423 2956 Ergo
437 2878 489 2939 ubi
501 2880 641 2956 delapsae
656 2878 854 2956 sonitum'per
866 2898 956 2939 cruva
969 2880 1079 2940 dedere

343 2972 454 3047 Litora,
470 2973 522 3033 dat
536 2973 652 3053 signum
668 2973 789 3049 specula
803 2973 939 3034 Misenus
948 2974 992 3034 ab
1005 2975 1067 3034 alta

342 3070 422 3127 Aere
437 3086 519 3127 cavo.
563 3067 715 3126 Invadunt
729 3067 811 3142 socii,
827 3078 858 3128 et
871 3084 951 3128 nova
964 3067 1078 3145 proelia
1090 3077 1215 3142 tentant,

341 3160 500 3221 Obscenas
514 3160 612 3238 pelagi
625 3161 701 3221 ferro
715 3161 835 3224 foedare
849 3163 992 3221 volucres.

343 3254 406 3314 Sed
420 3273 518 3330 neque
532 3253 592 3312 vim
605 3254 714 3331 plumis
727 3257 820 3315 ullam
833 3272 891 3314 nec
904 3256 1026 3314 vulnera
1039 3264 1122 3330 tergo

342 3347 513 3425 Accipiunt,
528 3347 681 3425 celerique
690 3349 760 3425 iuga
773 3349 831 3408 sub
843 3346 943 3408 sidera
955 3348 1057 3424 lapsae

342 3439 508 3501 Semiesam
523 3442 664 3518 praedam
678 3449 709 3501 et
722 3439 846 3517 vestigia
859 3440 950 3499 foeda
962 3439 1141 3517 relinquunt

341 3534 415 3595 Una
427 3533 458 3593 in
472 3536 624 3610 praecelsa
638 3533 774 3594 consedit
788 3552 861 3610 rupe
876 3534 1018 3608 Celaeno,

340 3625 451 3688 Infelix
465 3638 556 3702 vates,
572 3626 742 3705 rumpitque
755 3627 834 3686 hauc
848 3636 969 3704 pectore
982 3645 1106 3688 vocem:

339 3721 458 3780 Bellum
473 3720 564 3780 etiam
578 3738 634 3797 pro
647 3720 740 3780 caede
753 3721 847 3780 boum
861 3721 1020 3798 stratisque
1032 3719 1176 3798 juvencis,

338 3813 626 3887 Laomedontiadae,
641 3814 792 3873 bellumne
810 3812 916 3873 inferre
930 3813 1039 3891 paratis

337 3906 381 3967 Et
394 3906 490 3984 patrio
506 3905 655 3985 Harpyias
670 3905 806 3965 insontes
817 3904 929 3983 pellere
942 3909 1055 3984 regno?

336 3999 479 4078 Accipite
494 4018 564 4077 ergo
577 3999 684 4059 animis
698 4008 789 4076 atque
802 3999 877 4061 baec
889 4018 961 4061 mea
972 4000 1053 4078 figite
1066 4000 1154 4062 dicta.
