<?xml version="1.0" encoding="UTF-8"?>
<!DOCTYPE html PUBLIC "-//W3C//DTD XHTML 1.0 Transitional//EN"
    "http://www.w3.org/TR/xhtml1/DTD/xhtml1-transitional.dtd">
<html xmlns="http://www.w3.org/1999/xhtml" xml:lang="en" lang="en">
 <head>
  <title>
</title>
<meta http-equiv="Content-Type" content="text/html;charset=utf-8" />
  <meta name='ocr-system' content='tesseract 3.04.00' />
  <meta name='ocr-capabilities' content='ocr_page ocr_carea ocr_par ocr_line ocrx_word'/>
</head>
<body>
  <div class='ocr_page' id='page_1' title='image "./selectionsfromo00rolfgoog_0234.png"; bbox 0 0 3550 4859; ppageno 0'>
   <div class='ocr_carea' id='block_1_1' title="bbox 431 568 1089 628">
    <p class='ocr_par' dir='ltr' id='par_1_1' title="bbox 431 568 1089 628">
     <span class='ocr_line' id='line_1_1' title="bbox 431 568 1089 628; baseline 0 -2"><span class='ocrx_word' id='word_1_1' title='bbox 431 568 490 627; x_wconf 77' lang='lat'>218</span> <span class='ocrx_word' id='word_1_2' title='bbox 744 584 769 628; x_wconf 79' lang='lat' dir='ltr'>r.</span> <span class='ocrx_word' id='word_1_3' title='bbox 790 582 924 625; x_wconf 75' lang='lat' dir='ltr'>vixerim</span> <span class='ocrx_word' id='word_1_4' title='bbox 946 582 1089 627; x_wconf 74' lang='lat' dir='ltr'>unnours</span> 
     </span>
    </p>
   </div>
   <div class='ocr_carea' id='block_1_2' title="bbox 430 724 1292 991">
    <p class='ocr_par' dir='ltr' id='par_1_2' title="bbox 430 724 1292 991">
     <span class='ocr_line' id='line_1_2' title="bbox 430 724 1222 806; baseline -0.003 -17"><span class='ocrx_word' id='word_1_5' title='bbox 430 732 538 789; x_wconf 85' lang='lat' dir='ltr'>Factus</span> <span class='ocrx_word' id='word_1_6' title='bbox 552 729 667 788; x_wconf 88' lang='lat' dir='ltr'>honos:</span> <span class='ocrx_word' id='word_1_7' title='bbox 688 728 798 806; x_wconf 89' lang='lat' dir='ltr'>placidi</span> <span class='ocrx_word' id='word_1_8' title='bbox 813 737 976 787; x_wconf 90' lang='lat' dir='ltr'>straverunt</span> <span class='ocrx_word' id='word_1_9' title='bbox 990 746 1120 804; x_wconf 89' lang='lat' dir='ltr'>aequora</span> <span class='ocrx_word' id='word_1_10' title='bbox 1133 724 1222 801; x_wconf 89' lang='lat' dir='ltr'>venti,</span> 
     </span>
     <span class='ocr_line' id='line_1_3' title="bbox 430 821 1292 898; baseline -0.005 -15"><span class='ocrx_word' id='word_1_11' title='bbox 430 825 543 883; x_wconf 88' lang='lat' dir='ltr'>Creber</span> <span class='ocrx_word' id='word_1_12' title='bbox 556 834 586 881; x_wconf 90' lang='lat' dir='ltr'>et</span> <span class='ocrx_word' id='word_1_13' title='bbox 600 822 753 898; x_wconf 86' lang='lat' dir='ltr'>adspirans</span> <span class='ocrx_word' id='word_1_14' title='bbox 767 841 865 880; x_wconf 90' lang='lat' dir='ltr'>rursus</span> <span class='ocrx_word' id='word_1_15' title='bbox 880 831 967 880; x_wconf 87' lang='lat' dir='ltr'>vocat</span> <span class='ocrx_word' id='word_1_16' title='bbox 982 824 1092 881; x_wconf 87' lang='lat' dir='ltr'>Auster</span> <span class='ocrx_word' id='word_1_17' title='bbox 1105 822 1136 879; x_wconf 91' lang='lat' dir='ltr'>in</span> <span class='ocrx_word' id='word_1_18' title='bbox 1151 821 1252 881; x_wconf 90' lang='lat' dir='ltr'>altum.</span> <span class='ocrx_word' id='word_1_19' title='bbox 1288 860 1292 869; x_wconf 71' lang='lat'><strong>·</strong></span> 
     </span>
     <span class='ocr_line' id='line_1_4' title="bbox 430 914 1127 991; baseline -0.003 -16"><span class='ocrx_word' id='word_1_20' title='bbox 430 915 568 975; x_wconf 86' lang='lat' dir='ltr'>Exoritur</span> <span class='ocrx_word' id='word_1_21' title='bbox 581 934 725 991; x_wconf 80' lang='lat' dir='ltr'>procurva</span> <span class='ocrx_word' id='word_1_22' title='bbox 738 915 842 990; x_wconf 90' lang='lat' dir='ltr'>ingens</span> <span class='ocrx_word' id='word_1_23' title='bbox 857 933 910 991; x_wconf 92' lang='lat' dir='ltr'>per</span> <span class='ocrx_word' id='word_1_24' title='bbox 923 914 1009 974; x_wconf 83' lang='lat' dir='ltr'>litora</span> <span class='ocrx_word' id='word_1_25' title='bbox 1022 914 1127 988; x_wconf 90' lang='lat' dir='ltr'>fletus;</span> 
     </span>
    </p>
   </div>
   <div class='ocr_carea' id='block_1_3' title="bbox 430 1007 1337 1086">
    <p class='ocr_par' dir='ltr' id='par_1_3' title="bbox 430 1007 1337 1086">
     <span class='ocr_line' id='line_1_5' title="bbox 430 1007 1337 1086; baseline -0.004 -17"><span class='ocrx_word' id='word_1_26' title='bbox 430 1008 588 1086; x_wconf 88' lang='lat' dir='ltr'>Complexi</span> <span class='ocrx_word' id='word_1_27' title='bbox 602 1008 677 1067; x_wconf 91' lang='lat' dir='ltr'>inter</span> <span class='ocrx_word' id='word_1_28' title='bbox 691 1027 723 1067; x_wconf 89' lang='lat' dir='ltr'>se</span> <span class='ocrx_word' id='word_1_29' title='bbox 737 1018 917 1083; x_wconf 89' lang='lat' dir='ltr'>noctemque</span> <span class='ocrx_word' id='word_1_30' title='bbox 931 1007 1070 1084; x_wconf 88' lang='lat' dir='ltr'>diemque</span> <span class='ocrx_word' id='word_1_31' title='bbox 1084 1016 1241 1066; x_wconf 87' lang='lat' dir='ltr'>morantur.</span> <span class='ocrx_word' id='word_1_32' title='bbox 1335 1041 1337 1045; x_wconf 63' lang='lat'>=</span> 
     </span>
    </p>
   </div>
   <div class='ocr_carea' id='block_1_4' title="bbox 382 1100 1324 4061">
    <p class='ocr_par' dir='ltr' id='par_1_4' title="bbox 382 1100 1255 1267">
     <span class='ocr_line' id='line_1_6' title="bbox 430 1100 1255 1178; baseline -0.004 -17"><span class='ocrx_word' id='word_1_33' title='bbox 430 1104 519 1178; x_wconf 90' lang='lat' dir='ltr'>Ipsae</span> <span class='ocrx_word' id='word_1_34' title='bbox 532 1104 593 1177; x_wconf 89' lang='lat' dir='ltr'>jam</span> <span class='ocrx_word' id='word_1_35' title='bbox 607 1100 804 1177; x_wconf 87' lang='lat' dir='ltr'>matres,·ipsi,</span> <span class='ocrx_word' id='word_1_36' title='bbox 820 1101 927 1176; x_wconf 92' lang='lat' dir='ltr'>quibus</span> <span class='ocrx_word' id='word_1_37' title='bbox 943 1120 1046 1177; x_wconf 88' lang='lat' dir='ltr'>aspera</span> <span class='ocrx_word' id='word_1_38' title='bbox 1060 1101 1214 1177; x_wconf 87' lang='lat' dir='ltr'>quondam</span> <span class='ocrx_word' id='word_1_39' title='bbox 1251 1150 1255 1158; x_wconf 93' lang='lat'>.</span> 
     </span>
     <span class='ocr_line' id='line_1_7' title="bbox 382 1194 1128 1267; baseline -0.003 -14"><span class='ocrx_word' id='word_1_40' title='bbox 382 1239 385 1245; x_wconf 78' lang='lat'>,</span> <span class='ocrx_word' id='word_1_41' title='bbox 428 1195 505 1255; x_wconf 91' lang='lat' dir='ltr'>Visa</span> <span class='ocrx_word' id='word_1_42' title='bbox 518 1194 605 1253; x_wconf 88' lang='lat' dir='ltr'>maris</span> <span class='ocrx_word' id='word_1_43' title='bbox 619 1194 709 1253; x_wconf 83' lang='lat' dir='ltr'>facies</span> <span class='ocrx_word' id='word_1_44' title='bbox 723 1204 754 1253; x_wconf 90' lang='lat' dir='ltr'>et</span> <span class='ocrx_word' id='word_1_45' title='bbox 767 1212 829 1253; x_wconf 85' lang='lat' dir='ltr'>non</span> <span class='ocrx_word' id='word_1_46' title='bbox 843 1194 996 1254; x_wconf 85' lang='lat' dir='ltr'>tolerabile</span> <span class='ocrx_word' id='word_1_47' title='bbox 1010 1213 1128 1267; x_wconf 90' lang='lat' dir='ltr'>nornen,</span> 
     </span>
    </p>

    <p class='ocr_par' dir='ltr' id='par_1_5' title="bbox 423 1287 1245 1832">
     <span class='ocr_line' id='line_1_8' title="bbox 431 1287 1245 1363; baseline -0.001 -16"><span class='ocrx_word' id='word_1_48' title='bbox 431 1291 480 1349; x_wconf 90' lang='lat' dir='ltr'>Ire</span> <span class='ocrx_word' id='word_1_49' title='bbox 493 1289 605 1361; x_wconf 82' lang='lat' dir='ltr'>volunt,</span> <span class='ocrx_word' id='word_1_50' title='bbox 621 1306 801 1363; x_wconf 92' lang='lat' dir='ltr'>omnemque</span> <span class='ocrx_word' id='word_1_51' title='bbox 816 1288 902 1363; x_wconf 87' lang='lat' dir='ltr'>fugae</span> <span class='ocrx_word' id='word_1_52' title='bbox 916 1287 1044 1363; x_wconf 89' lang='lat' dir='ltr'>perferre</span> <span class='ocrx_word' id='word_1_53' title='bbox 1058 1287 1199 1346; x_wconf 82' lang='lat' dir='ltr'>laborem.</span> <span class='ocrx_word' id='word_1_54' title='bbox 1243 1311 1245 1316; x_wconf 57' lang='lat'><strong><em>¹</em></strong></span> 
     </span>
     <span class='ocr_line' id='line_1_9' title="bbox 430 1378 1227 1457; baseline -0.005 -16"><span class='ocrx_word' id='word_1_55' title='bbox 430 1383 516 1457; x_wconf 89' lang='lat' dir='ltr'>Quos</span> <span class='ocrx_word' id='word_1_56' title='bbox 530 1383 628 1441; x_wconf 92' lang='lat' dir='ltr'>bonus</span> <span class='ocrx_word' id='word_1_57' title='bbox 643 1384 761 1440; x_wconf 88' lang='lat' dir='ltr'>Aeneas</span> <span class='ocrx_word' id='word_1_58' title='bbox 776 1379 862 1439; x_wconf 90' lang='lat' dir='ltr'>dictis</span> <span class='ocrx_word' id='word_1_59' title='bbox 877 1382 987 1439; x_wconf 91' lang='lat' dir='ltr'>solatur</span> <span class='ocrx_word' id='word_1_60' title='bbox 1001 1378 1112 1453; x_wconf 89' lang='lat' dir='ltr'>amicis,</span> <span class='ocrx_word' id='word_1_61' title='bbox 1226 1441 1227 1444; x_wconf 50' lang='lat'>,</span> 
     </span>
     <span class='ocr_line' id='line_1_10' title="bbox 431 1473 1233 1551; baseline -0.004 -17"><span class='ocrx_word' id='word_1_62' title='bbox 431 1477 471 1534; x_wconf 88' lang='lat' dir='ltr'>Et</span> <span class='ocrx_word' id='word_1_63' title='bbox 484 1474 707 1551; x_wconf 91' lang='lat' dir='ltr'>consanguineo</span> <span class='ocrx_word' id='word_1_64' title='bbox 721 1473 877 1533; x_wconf 87' lang='lat' dir='ltr'>lacrimans</span> <span class='ocrx_word' id='word_1_65' title='bbox 892 1474 1082 1533; x_wconf 87' lang='lat' dir='ltr'>commendat</span> <span class='ocrx_word' id='word_1_66' title='bbox 1097 1475 1233 1533; x_wconf 87' lang='lat' dir='ltr'>Acestae.</span> 
     </span>
     <span class='ocr_line' id='line_1_11' title="bbox 430 1566 1148 1644; baseline -0.003 -18"><span class='ocrx_word' id='word_1_67' title='bbox 430 1569 505 1627; x_wconf 90' lang='lat' dir='ltr'>Tres</span> <span class='ocrx_word' id='word_1_68' title='bbox 521 1567 605 1644; x_wconf 87' lang='lat' dir='ltr'>Eryci</span> <span class='ocrx_word' id='word_1_69' title='bbox 620 1567 728 1626; x_wconf 91' lang='lat' dir='ltr'>vitulos</span> <span class='ocrx_word' id='word_1_70' title='bbox 742 1579 772 1626; x_wconf 89' lang='lat' dir='ltr'>et</span> <span class='ocrx_word' id='word_1_71' title='bbox 785 1566 1027 1643; x_wconf 86' lang='lat' dir='ltr'>Tempestatibus</span> <span class='ocrx_word' id='word_1_72' title='bbox 1041 1585 1148 1643; x_wconf 90' lang='lat' dir='ltr'>agnam</span> 
     </span>
     <span class='ocr_line' id='line_1_12' title="bbox 431 1659 1238 1736; baseline -0.002 -16"><span class='ocrx_word' id='word_1_73' title='bbox 431 1661 566 1721; x_wconf 88' lang='lat' dir='ltr'>Caedere</span> <span class='ocrx_word' id='word_1_74' title='bbox 579 1660 688 1719; x_wconf 89' lang='lat' dir='ltr'>deinde</span> <span class='ocrx_word' id='word_1_75' title='bbox 700 1662 793 1736; x_wconf 88' lang='lat' dir='ltr'>jubet,</span> <span class='ocrx_word' id='word_1_76' title='bbox 809 1659 945 1736; x_wconf 91' lang='lat' dir='ltr'>solvique</span> <span class='ocrx_word' id='word_1_77' title='bbox 960 1679 997 1719; x_wconf 90' lang='lat' dir='ltr'>ex</span> <span class='ocrx_word' id='word_1_78' title='bbox 1011 1659 1114 1719; x_wconf 89' lang='lat' dir='ltr'>ordine</span> <span class='ocrx_word' id='word_1_79' title='bbox 1129 1660 1238 1718; x_wconf 83' lang='lat' dir='ltr'>funem</span> 
     </span>
     <span class='ocr_line' id='line_1_13' title="bbox 423 1752 1149 1832; baseline 0.003 -20"><span class='ocrx_word' id='word_1_80' title='bbox 423 1752 511 1832; x_wconf 92' lang='lat' dir='ltr'>&#39;Ipse,</span> <span class='ocrx_word' id='word_1_81' title='bbox 526 1764 616 1830; x_wconf 90' lang='lat' dir='ltr'>caput</span> <span class='ocrx_word' id='word_1_82' title='bbox 630 1764 735 1813; x_wconf 89' lang='lat' dir='ltr'>tonsae</span> <span class='ocrx_word' id='word_1_83' title='bbox 749 1752 826 1812; x_wconf 91' lang='lat' dir='ltr'>foliis</span> <span class='ocrx_word' id='word_1_84' title='bbox 841 1752 974 1813; x_wconf 87' lang='lat' dir='ltr'>evinctus</span> <span class='ocrx_word' id='word_1_85' title='bbox 989 1752 1094 1824; x_wconf 90' lang='lat' dir='ltr'>olivae,</span> <span class='ocrx_word' id='word_1_86' title='bbox 1147 1810 1149 1814; x_wconf 13' lang='grc' dir='ltr'><em>Α</em></span> 
     </span>
    </p>

    <p class='ocr_par' dir='ltr' id='par_1_6' title="bbox 430 1844 1282 2200">
     <span class='ocr_line' id='line_1_14' title="bbox 430 1844 1282 1923; baseline -0.002 -16"><span class='ocrx_word' id='word_1_87' title='bbox 430 1848 518 1915; x_wconf 87' lang='lat' dir='ltr'>Stans</span> <span class='ocrx_word' id='word_1_88' title='bbox 533 1847 635 1923; x_wconf 89' lang='lat' dir='ltr'>procul</span> <span class='ocrx_word' id='word_1_89' title='bbox 650 1846 680 1905; x_wconf 90' lang='lat' dir='ltr'>in</span> <span class='ocrx_word' id='word_1_90' title='bbox 695 1865 782 1923; x_wconf 90' lang='lat' dir='ltr'>prora</span> <span class='ocrx_word' id='word_1_91' title='bbox 795 1858 928 1922; x_wconf 90' lang='lat' dir='ltr'>pateram</span> <span class='ocrx_word' id='word_1_92' title='bbox 942 1856 1032 1919; x_wconf 89' lang='lat' dir='ltr'>tenet,</span> <span class='ocrx_word' id='word_1_93' title='bbox 1045 1856 1174 1921; x_wconf 81' lang='lat' dir='ltr'>extaque</span> <span class='ocrx_word' id='word_1_94' title='bbox 1187 1844 1282 1905; x_wconf 78' lang='lat' dir='ltr'>salsos</span> 
     </span>
     <span class='ocr_line' id='line_1_15' title="bbox 431 1938 1128 2015; baseline -0.001 -17"><span class='ocrx_word' id='word_1_95' title='bbox 431 1938 555 1999; x_wconf 86' lang='lat' dir='ltr'>Porricit</span> <span class='ocrx_word' id='word_1_96' title='bbox 570 1938 600 1996; x_wconf 91' lang='lat' dir='ltr'>in</span> <span class='ocrx_word' id='word_1_97' title='bbox 613 1940 720 1998; x_wconf 88' lang='lat' dir='ltr'>fluctus</span> <span class='ocrx_word' id='word_1_98' title='bbox 735 1958 772 1997; x_wconf 91' lang='lat' dir='ltr'>ac</span> <span class='ocrx_word' id='word_1_99' title='bbox 785 1939 854 1998; x_wconf 85' lang='lat' dir='ltr'>vina</span> <span class='ocrx_word' id='word_1_100' title='bbox 868 1939 1011 2015; x_wconf 84' lang='lat' dir='ltr'>liquentia</span> <span class='ocrx_word' id='word_1_101' title='bbox 1025 1938 1128 1997; x_wconf 86' lang='lat' dir='ltr'>fundit</span> 
     </span>
     <span class='ocr_line' id='line_1_16' title="bbox 432 2031 1265 2108; baseline -0.001 -17"><span class='ocrx_word' id='word_1_102' title='bbox 432 2031 623 2108; x_wconf 89' lang='lat' dir='ltr'>Prosequitur</span> <span class='ocrx_word' id='word_1_103' title='bbox 637 2051 758 2108; x_wconf 84' lang='lat' dir='ltr'>surgens</span> <span class='ocrx_word' id='word_1_104' title='bbox 772 2051 791 2090; x_wconf 86' lang='lat' dir='ltr'>a</span> <span class='ocrx_word' id='word_1_105' title='bbox 804 2031 897 2108; x_wconf 90' lang='lat' dir='ltr'>puppi</span> <span class='ocrx_word' id='word_1_106' title='bbox 911 2042 1017 2091; x_wconf 90' lang='lat' dir='ltr'>ventus</span> <span class='ocrx_word' id='word_1_107' title='bbox 1032 2042 1143 2090; x_wconf 82' lang='lat' dir='ltr'>euntes</span> <span class='ocrx_word' id='word_1_108' title='bbox 1210 2054 1212 2060; x_wconf 94' lang='lat'>·</span> <span class='ocrx_word' id='word_1_109' title='bbox 1262 2054 1265 2060; x_wconf 65' lang='grc'><strong>’</strong></span> 
     </span>
     <span class='ocr_line' id='line_1_17' title="bbox 432 2124 1204 2200; baseline -0.003 -15"><span class='ocrx_word' id='word_1_110' title='bbox 432 2124 574 2185; x_wconf 84' lang='lat' dir='ltr'>Certatim</span> <span class='ocrx_word' id='word_1_111' title='bbox 590 2124 662 2184; x_wconf 91' lang='lat' dir='ltr'>socii</span> <span class='ocrx_word' id='word_1_112' title='bbox 676 2124 784 2184; x_wconf 88' lang='lat' dir='ltr'>feriunt</span> <span class='ocrx_word' id='word_1_113' title='bbox 797 2144 878 2183; x_wconf 88' lang='lat' dir='ltr'>mare</span> <span class='ocrx_word' id='word_1_114' title='bbox 895 2136 925 2185; x_wconf 91' lang='lat' dir='ltr'>et</span> <span class='ocrx_word' id='word_1_115' title='bbox 939 2143 1068 2200; x_wconf 90' lang='lat' dir='ltr'>aequora</span> <span class='ocrx_word' id='word_1_116' title='bbox 1078 2135 1204 2183; x_wconf 90' lang='lat' dir='ltr'>verrunt.</span> 
     </span>
    </p>

    <p class='ocr_par' dir='ltr' id='par_1_7' title="bbox 430 2215 1288 2667">
     <span class='ocr_line' id='line_1_18' title="bbox 470 2215 1178 2294; baseline -0.003 -17"><span class='ocrx_word' id='word_1_117' title='bbox 470 2220 513 2277; x_wconf 83' lang='lat' dir='ltr'>At</span> <span class='ocrx_word' id='word_1_118' title='bbox 526 2219 630 2277; x_wconf 87' lang='lat' dir='ltr'>Venus</span> <span class='ocrx_word' id='word_1_119' title='bbox 644 2217 756 2278; x_wconf 88' lang='lat' dir='ltr'>interea</span> <span class='ocrx_word' id='word_1_120' title='bbox 770 2219 944 2294; x_wconf 91' lang='lat' dir='ltr'>Neptunum</span> <span class='ocrx_word' id='word_1_121' title='bbox 959 2217 1088 2277; x_wconf 88' lang='lat' dir='ltr'>exercita</span> <span class='ocrx_word' id='word_1_122' title='bbox 1101 2215 1178 2277; x_wconf 82' lang='lat' dir='ltr'>curis</span> 
     </span>
     <span class='ocr_line' id='line_1_19' title="bbox 432 2310 1237 2387; baseline -0.001 -17"><span class='ocrx_word' id='word_1_123' title='bbox 432 2310 609 2387; x_wconf 89' lang='lat' dir='ltr'>Alloquitur,</span> <span class='ocrx_word' id='word_1_124' title='bbox 625 2311 758 2387; x_wconf 88' lang='lat' dir='ltr'>talesque</span> <span class='ocrx_word' id='word_1_125' title='bbox 772 2311 898 2371; x_wconf 85' lang='lat' dir='ltr'>effundit</span> <span class='ocrx_word' id='word_1_126' title='bbox 912 2322 1031 2387; x_wconf 88' lang='lat' dir='ltr'>pectore</span> <span class='ocrx_word' id='word_1_127' title='bbox 1045 2321 1187 2386; x_wconf 84' lang='lat' dir='ltr'>questus:</span> <span class='ocrx_word' id='word_1_128' title='bbox 1235 2327 1237 2330; x_wconf 83' lang='lat'>·</span> 
     </span>
     <span class='ocr_line' id='line_1_20' title="bbox 430 2403 1124 2482; baseline -0.003 -19"><span class='ocrx_word' id='word_1_129' title='bbox 430 2404 560 2482; x_wconf 88' lang='lat' dir='ltr'>Junonis</span> <span class='ocrx_word' id='word_1_130' title='bbox 573 2403 669 2481; x_wconf 87' lang='lat' dir='ltr'>gravis</span> <span class='ocrx_word' id='word_1_131' title='bbox 684 2404 726 2462; x_wconf 90' lang='lat' dir='ltr'>ira</span> <span class='ocrx_word' id='word_1_132' title='bbox 739 2423 796 2463; x_wconf 90' lang='lat' dir='ltr'>nec</span> <span class='ocrx_word' id='word_1_133' title='bbox 810 2403 1006 2463; x_wconf 86' lang='lat' dir='ltr'>exsaturabile</span> <span class='ocrx_word' id='word_1_134' title='bbox 1020 2415 1124 2480; x_wconf 88' lang='lat' dir='ltr'>pectus</span> 
     </span>
     <span class='ocr_line' id='line_1_21' title="bbox 432 2496 1288 2574; baseline -0.004 -16"><span class='ocrx_word' id='word_1_135' title='bbox 432 2498 553 2574; x_wconf 84' lang='lat' dir='ltr'>Cogunt</span> <span class='ocrx_word' id='word_1_136' title='bbox 567 2517 624 2570; x_wconf 88' lang='lat' dir='ltr'>me,</span> <span class='ocrx_word' id='word_1_137' title='bbox 640 2499 790 2573; x_wconf 85' lang='lat' dir='ltr'>Neptune,</span> <span class='ocrx_word' id='word_1_138' title='bbox 806 2516 910 2574; x_wconf 91' lang='lat' dir='ltr'>preces</span> <span class='ocrx_word' id='word_1_139' title='bbox 923 2496 1104 2556; x_wconf 91' lang='lat' dir='ltr'>descendere</span> <span class='ocrx_word' id='word_1_140' title='bbox 1119 2496 1149 2554; x_wconf 90' lang='lat' dir='ltr'>in</span> <span class='ocrx_word' id='word_1_141' title='bbox 1164 2513 1288 2569; x_wconf 84' lang='lat' dir='ltr'>omnee;</span> 
     </span>
     <span class='ocr_line' id='line_1_22' title="bbox 432 2589 1181 2667; baseline -0.003 -18"><span class='ocrx_word' id='word_1_142' title='bbox 432 2592 532 2666; x_wconf 88' lang='lat' dir='ltr'>Quam</span> <span class='ocrx_word' id='word_1_143' title='bbox 546 2610 603 2649; x_wconf 91' lang='lat' dir='ltr'>nec</span> <span class='ocrx_word' id='word_1_144' title='bbox 615 2589 705 2665; x_wconf 86' lang='lat' dir='ltr'>longa</span> <span class='ocrx_word' id='word_1_145' title='bbox 718 2589 791 2662; x_wconf 87' lang='lat' dir='ltr'>dies,</span> <span class='ocrx_word' id='word_1_146' title='bbox 806 2589 901 2667; x_wconf 86' lang='lat' dir='ltr'>pietas</span> <span class='ocrx_word' id='word_1_147' title='bbox 914 2608 971 2648; x_wconf 89' lang='lat' dir='ltr'>nec</span> <span class='ocrx_word' id='word_1_148' title='bbox 985 2589 1099 2666; x_wconf 87' lang='lat' dir='ltr'>mitigat</span> <span class='ocrx_word' id='word_1_149' title='bbox 1112 2589 1181 2662; x_wconf 86' lang='lat' dir='ltr'>ulla,</span> 
     </span>
    </p>

    <p class='ocr_par' dir='ltr' id='par_1_8' title="bbox 433 2682 1162 2760">
     <span class='ocr_line' id='line_1_23' title="bbox 433 2682 1162 2760; baseline -0.004 -17"><span class='ocrx_word' id='word_1_150' title='bbox 433 2686 499 2743; x_wconf 92' lang='lat' dir='ltr'>Nec</span> <span class='ocrx_word' id='word_1_151' title='bbox 513 2682 597 2760; x_wconf 93' lang='lat' dir='ltr'>Jovis</span> <span class='ocrx_word' id='word_1_152' title='bbox 610 2682 735 2760; x_wconf 89' lang='lat' dir='ltr'>imperio</span> <span class='ocrx_word' id='word_1_153' title='bbox 749 2682 875 2758; x_wconf 87' lang='lat' dir='ltr'>fatisque</span> <span class='ocrx_word' id='word_1_154' title='bbox 892 2682 1015 2742; x_wconf 86' lang='lat' dir='ltr'>infracta</span> <span class='ocrx_word' id='word_1_155' title='bbox 1028 2682 1162 2758; x_wconf 90' lang='lat' dir='ltr'>quiescit.</span> 
     </span>
    </p>

    <p class='ocr_par' dir='ltr' id='par_1_9' title="bbox 433 2774 1324 3132">
     <span class='ocr_line' id='line_1_24' title="bbox 433 2774 1235 2852; baseline -0.006 -14"><span class='ocrx_word' id='word_1_156' title='bbox 433 2780 504 2838; x_wconf 92' lang='lat' dir='ltr'>Non</span> <span class='ocrx_word' id='word_1_157' title='bbox 519 2776 618 2835; x_wconf 89' lang='lat' dir='ltr'>media</span> <span class='ocrx_word' id='word_1_158' title='bbox 630 2776 669 2835; x_wconf 92' lang='lat' dir='ltr'>de</span> <span class='ocrx_word' id='word_1_159' title='bbox 682 2785 771 2852; x_wconf 89' lang='lat' dir='ltr'>gente</span> <span class='ocrx_word' id='word_1_160' title='bbox 787 2777 935 2852; x_wconf 87' lang='lat' dir='ltr'>Phrygum</span> <span class='ocrx_word' id='word_1_161' title='bbox 949 2775 1084 2834; x_wconf 86' lang='lat' dir='ltr'>exedisse</span> <span class='ocrx_word' id='word_1_162' title='bbox 1098 2774 1235 2834; x_wconf 87' lang='lat' dir='ltr'>nefandis</span> 
     </span>
     <span class='ocr_line' id='line_1_25' title="bbox 433 2868 1324 2945; baseline -0.004 -15"><span class='ocrx_word' id='word_1_163' title='bbox 433 2870 548 2930; x_wconf 90' lang='lat' dir='ltr'>Urbem</span> <span class='ocrx_word' id='word_1_164' title='bbox 562 2868 639 2928; x_wconf 91' lang='lat' dir='ltr'>odiis</span> <span class='ocrx_word' id='word_1_165' title='bbox 653 2869 723 2928; x_wconf 89' lang='lat' dir='ltr'>satis</span> <span class='ocrx_word' id='word_1_166' title='bbox 737 2880 790 2942; x_wconf 91' lang='lat' dir='ltr'>est,</span> <span class='ocrx_word' id='word_1_167' title='bbox 806 2888 863 2928; x_wconf 87' lang='lat' dir='ltr'>nec</span> <span class='ocrx_word' id='word_1_168' title='bbox 875 2887 1005 2945; x_wconf 88' lang='lat' dir='ltr'>poenam</span> <span class='ocrx_word' id='word_1_169' title='bbox 1020 2878 1102 2927; x_wconf 88' lang='lat' dir='ltr'>traxe</span> <span class='ocrx_word' id='word_1_170' title='bbox 1116 2886 1170 2944; x_wconf 90' lang='lat' dir='ltr'>per</span> <span class='ocrx_word' id='word_1_171' title='bbox 1183 2885 1304 2927; x_wconf 88' lang='lat' dir='ltr'>omnem</span> <span class='ocrx_word' id='word_1_172' title='bbox 1318 2890 1324 2926; x_wconf 93' lang='lat'>:</span> 
     </span>
     <span class='ocr_line' id='line_1_26' title="bbox 433 2960 1221 3038; baseline -0.001 -17"><span class='ocrx_word' id='word_1_173' title='bbox 433 2960 588 3038; x_wconf 91' lang='lat' dir='ltr'>Reliquias</span> <span class='ocrx_word' id='word_1_174' title='bbox 602 2964 720 3038; x_wconf 90' lang='lat' dir='ltr'>Trojae,</span> <span class='ocrx_word' id='word_1_175' title='bbox 735 2962 849 3021; x_wconf 90' lang='lat' dir='ltr'>cineres</span> <span class='ocrx_word' id='word_1_176' title='bbox 863 2971 953 3037; x_wconf 87' lang='lat' dir='ltr'>atque</span> <span class='ocrx_word' id='word_1_177' title='bbox 967 2980 1036 3020; x_wconf 89' lang='lat' dir='ltr'>ossa</span> <span class='ocrx_word' id='word_1_178' title='bbox 1049 2970 1221 3037; x_wconf 82' lang='lat' dir='ltr'>peremptae</span> 
     </span>
     <span class='ocr_line' id='line_1_27' title="bbox 433 3052 1151 3132; baseline -0.003 -18"><span class='ocrx_word' id='word_1_179' title='bbox 433 3054 610 3132; x_wconf 90' lang='lat' dir='ltr'>Insequitur.</span> <span class='ocrx_word' id='word_1_180' title='bbox 643 3057 784 3114; x_wconf 51' lang='lat' dir='ltr'>¹Caussas</span> <span class='ocrx_word' id='word_1_181' title='bbox 798 3053 872 3113; x_wconf 87' lang='lat' dir='ltr'>tanti</span> <span class='ocrx_word' id='word_1_182' title='bbox 887 3054 962 3113; x_wconf 85' lang='lat' dir='ltr'>sciat</span> <span class='ocrx_word' id='word_1_183' title='bbox 975 3053 1026 3112; x_wconf 89' lang='lat' dir='ltr'>illa</span> <span class='ocrx_word' id='word_1_184' title='bbox 1039 3052 1151 3112; x_wconf 88' lang='lat' dir='ltr'>furoris.</span> 
     </span>
    </p>

    <p class='ocr_par' dir='ltr' id='par_1_10' title="bbox 434 3146 1125 3224">
     <span class='ocr_line' id='line_1_28' title="bbox 434 3146 1125 3224; baseline -0.003 -17"><span class='ocrx_word' id='word_1_185' title='bbox 434 3150 505 3224; x_wconf 90' lang='lat' dir='ltr'>Ipse</span> <span class='ocrx_word' id='word_1_186' title='bbox 519 3146 592 3206; x_wconf 91' lang='lat' dir='ltr'>mihi</span> <span class='ocrx_word' id='word_1_187' title='bbox 607 3166 701 3224; x_wconf 87' lang='lat' dir='ltr'>nuper</span> <span class='ocrx_word' id='word_1_188' title='bbox 715 3147 834 3224; x_wconf 88' lang='lat' dir='ltr'>Libycis</span> <span class='ocrx_word' id='word_1_189' title='bbox 848 3156 880 3205; x_wconf 90' lang='lat' dir='ltr'>tu</span> <span class='ocrx_word' id='word_1_190' title='bbox 895 3146 978 3206; x_wconf 87' lang='lat' dir='ltr'>testis</span> <span class='ocrx_word' id='word_1_191' title='bbox 993 3146 1023 3204; x_wconf 91' lang='lat' dir='ltr'>in</span> <span class='ocrx_word' id='word_1_192' title='bbox 1038 3146 1125 3205; x_wconf 91' lang='lat' dir='ltr'>undis</span> 
     </span>
    </p>

    <p class='ocr_par' dir='ltr' id='par_1_11' title="bbox 433 3238 1251 3410">
     <span class='ocr_line' id='line_1_29' title="bbox 433 3238 1251 3315; baseline 0 -16"><span class='ocrx_word' id='word_1_193' title='bbox 433 3242 532 3315; x_wconf 91' lang='lat' dir='ltr'>Quam</span> <span class='ocrx_word' id='word_1_194' title='bbox 546 3241 656 3299; x_wconf 91' lang='lat' dir='ltr'>molem</span> <span class='ocrx_word' id='word_1_195' title='bbox 671 3241 769 3299; x_wconf 91' lang='lat' dir='ltr'>subito</span> <span class='ocrx_word' id='word_1_196' title='bbox 784 3238 923 3299; x_wconf 86' lang='lat' dir='ltr'>excierit:</span> <span class='ocrx_word' id='word_1_197' title='bbox 943 3239 1035 3298; x_wconf 88' lang='lat' dir='ltr'>maria</span> <span class='ocrx_word' id='word_1_198' title='bbox 1048 3238 1150 3299; x_wconf 89' lang='lat' dir='ltr'>omnia</span> <span class='ocrx_word' id='word_1_199' title='bbox 1163 3240 1251 3301; x_wconf 86' lang='lat' dir='ltr'>coelo</span> 
     </span>
     <span class='ocr_line' id='line_1_30' title="bbox 433 3332 1161 3410; baseline 0 -17"><span class='ocrx_word' id='word_1_200' title='bbox 433 3332 564 3407; x_wconf 89' lang='lat' dir='ltr'>Miscuit,</span> <span class='ocrx_word' id='word_1_201' title='bbox 581 3332 695 3392; x_wconf 88' lang='lat' dir='ltr'>Aeoliis</span> <span class='ocrx_word' id='word_1_202' title='bbox 710 3332 913 3409; x_wconf 89' lang='lat' dir='ltr'>nequidquam</span> <span class='ocrx_word' id='word_1_203' title='bbox 927 3334 1001 3393; x_wconf 89' lang='lat' dir='ltr'>freta</span> <span class='ocrx_word' id='word_1_204' title='bbox 1013 3332 1161 3410; x_wconf 87' lang='lat' dir='ltr'>procellis,</span> 
     </span>
    </p>

    <p class='ocr_par' dir='ltr' id='par_1_12' title="bbox 432 3425 1254 3690">
     <span class='ocr_line' id='line_1_31' title="bbox 434 3425 1254 3507; baseline 0.005 -23"><span class='ocrx_word' id='word_1_205' title='bbox 434 3429 472 3485; x_wconf 90' lang='lat' dir='ltr'>In</span> <span class='ocrx_word' id='word_1_206' title='bbox 486 3425 583 3503; x_wconf 87' lang='lat' dir='ltr'>regnis</span> <span class='ocrx_word' id='word_1_207' title='bbox 597 3426 656 3485; x_wconf 92' lang='lat' dir='ltr'>hoc</span> <span class='ocrx_word' id='word_1_208' title='bbox 669 3445 741 3486; x_wconf 91' lang='lat' dir='ltr'>ausa</span> <span class='ocrx_word' id='word_1_209' title='bbox 754 3426 819 3486; x_wconf 82' lang='lat' dir='ltr'>tuis</span> <span class='ocrx_word' id='word_1_210' title='bbox 1117 3479 1118 3482; x_wconf 64' lang='grc'>,</span> <span class='ocrx_word' id='word_1_211' title='bbox 1252 3503 1254 3507; x_wconf 7' lang='lat' dir='ltr'>g</span> 
     </span>
     <span class='ocr_line' id='line_1_32' title="bbox 434 3516 1187 3595; baseline 0.003 -18"><span class='ocrx_word' id='word_1_212' title='bbox 434 3521 492 3579; x_wconf 93' lang='lat' dir='ltr'>Per</span> <span class='ocrx_word' id='word_1_213' title='bbox 506 3520 601 3578; x_wconf 90' lang='lat' dir='ltr'>scelus</span> <span class='ocrx_word' id='word_1_214' title='bbox 616 3538 686 3578; x_wconf 91' lang='lat' dir='ltr'>ecce</span> <span class='ocrx_word' id='word_1_215' title='bbox 700 3519 789 3578; x_wconf 90' lang='lat' dir='ltr'>etiam</span> <span class='ocrx_word' id='word_1_216' title='bbox 803 3517 942 3595; x_wconf 88' lang='lat' dir='ltr'>Trojanis</span> <span class='ocrx_word' id='word_1_217' title='bbox 956 3518 1099 3579; x_wconf 87' lang='lat' dir='ltr'>matribus</span> <span class='ocrx_word' id='word_1_218' title='bbox 1113 3516 1187 3579; x_wconf 82' lang='lat' dir='ltr'>actis</span> 
     </span>
     <span class='ocr_line' id='line_1_33' title="bbox 432 3601 1078 3690; baseline 0.002 -19"><span class='ocrx_word' id='word_1_219' title='bbox 432 3601 555 3671; x_wconf 83' lang='lat' dir='ltr'>Exussit</span> <span class='ocrx_word' id='word_1_220' title='bbox 568 3613 656 3670; x_wconf 91' lang='lat' dir='ltr'>foede</span> <span class='ocrx_word' id='word_1_221' title='bbox 670 3630 793 3688; x_wconf 90' lang='lat' dir='ltr'>puppes,</span> <span class='ocrx_word' id='word_1_222' title='bbox 809 3622 840 3671; x_wconf 94' lang='lat' dir='ltr'>et</span> <span class='ocrx_word' id='word_1_223' title='bbox 853 3612 947 3671; x_wconf 88' lang='lat' dir='ltr'>classe</span> <span class='ocrx_word' id='word_1_224' title='bbox 961 3612 1078 3690; x_wconf 87' lang='lat' dir='ltr'>subegit</span> 
     </span>
    </p>

    <p class='ocr_par' dir='ltr' id='par_1_13' title="bbox 434 3704 1063 3782">
     <span class='ocr_line' id='line_1_34' title="bbox 434 3704 1063 3782; baseline 0.003 -18"><span class='ocrx_word' id='word_1_225' title='bbox 434 3704 556 3765; x_wconf 91' lang='lat' dir='ltr'>Amissa</span> <span class='ocrx_word' id='word_1_226' title='bbox 569 3704 666 3764; x_wconf 91' lang='lat' dir='ltr'>socios</span> <span class='ocrx_word' id='word_1_227' title='bbox 679 3704 798 3780; x_wconf 86' lang='lat' dir='ltr'>ignotae</span> <span class='ocrx_word' id='word_1_228' title='bbox 812 3704 946 3782; x_wconf 90' lang='lat' dir='ltr'>linquere</span> <span class='ocrx_word' id='word_1_229' title='bbox 960 3715 1063 3766; x_wconf 87' lang='lat' dir='ltr'>terrae.</span> 
     </span>
    </p>

    <p class='ocr_par' dir='ltr' id='par_1_14' title="bbox 433 3797 1206 3969">
     <span class='ocr_line' id='line_1_35' title="bbox 433 3797 1205 3875; baseline 0.003 -18"><span class='ocrx_word' id='word_1_230' title='bbox 433 3798 526 3873; x_wconf 89' lang='lat' dir='ltr'>Quod</span> <span class='ocrx_word' id='word_1_231' title='bbox 541 3807 682 3873; x_wconf 81' lang='lat' dir='ltr'>superest,</span> <span class='ocrx_word' id='word_1_232' title='bbox 698 3816 760 3870; x_wconf 90' lang='lat' dir='ltr'>oro,</span> <span class='ocrx_word' id='word_1_233' title='bbox 777 3797 864 3857; x_wconf 87' lang='lat' dir='ltr'>liceat</span> <span class='ocrx_word' id='word_1_234' title='bbox 878 3798 949 3858; x_wconf 89' lang='lat' dir='ltr'>dare</span> <span class='ocrx_word' id='word_1_235' title='bbox 963 3808 1027 3858; x_wconf 86' lang='lat' dir='ltr'>tuta</span> <span class='ocrx_word' id='word_1_236' title='bbox 1041 3818 1093 3875; x_wconf 91' lang='lat' dir='ltr'>per</span> <span class='ocrx_word' id='word_1_237' title='bbox 1106 3799 1205 3860; x_wconf 81' lang='lat' dir='ltr'>undas</span> 
     </span>
     <span class='ocr_line' id='line_1_36' title="bbox 433 3890 1206 3969; baseline 0.003 -20"><span class='ocrx_word' id='word_1_238' title='bbox 433 3890 510 3951; x_wconf 87' lang='lat' dir='ltr'>Vela</span> <span class='ocrx_word' id='word_1_239' title='bbox 523 3890 585 3962; x_wconf 92' lang='lat' dir='ltr'>tibi,</span> <span class='ocrx_word' id='word_1_240' title='bbox 601 3890 689 3949; x_wconf 92' lang='lat' dir='ltr'>liceat</span> <span class='ocrx_word' id='word_1_241' title='bbox 703 3891 881 3949; x_wconf 86' lang='lat' dir='ltr'>Laurentem</span> <span class='ocrx_word' id='word_1_242' title='bbox 896 3891 1038 3968; x_wconf 90' lang='lat' dir='ltr'>attingere</span> <span class='ocrx_word' id='word_1_243' title='bbox 1052 3892 1206 3969; x_wconf 80' lang='lat' dir='ltr'>Thybrim,</span> 
     </span>
    </p>

    <p class='ocr_par' dir='ltr' id='par_1_15' title="bbox 435 3982 1158 4061">
     <span class='ocr_line' id='line_1_37' title="bbox 435 3982 1158 4061; baseline 0.003 -18"><span class='ocrx_word' id='word_1_244' title='bbox 435 3984 468 4043; x_wconf 91' lang='lat' dir='ltr'>Si</span> <span class='ocrx_word' id='word_1_245' title='bbox 481 3994 718 4061; x_wconf 67' lang='lat' dir='ltr'>conceaeapeto,</span> <span class='ocrx_word' id='word_1_246' title='bbox 733 3982 845 4045; x_wconf 84' lang='lat' dir='ltr'>sidant</span> <span class='ocrx_word' id='word_1_247' title='bbox 858 4003 895 4051; x_wconf 83' lang='lat' dir='ltr'>ea</span> <span class='ocrx_word' id='word_1_248' title='bbox 907 3984 1026 4044; x_wconf 79' lang='lat' dir='ltr'>moenia</span> <span class='ocrx_word' id='word_1_249' title='bbox 1040 3987 1158 4048; x_wconf 78' lang='lat' dir='ltr'>Parcae.</span> 
     </span>
    </p>
   </div>
   <div class='ocr_carea' id='block_1_5' title="bbox 1370 3257 1415 3305">
    <p class='ocr_par' dir='ltr' id='par_1_16' title="bbox 1370 3257 1415 3305">
     <span class='ocr_line' id='line_1_38' title="bbox 1370 3257 1415 3305; baseline 0 0"><span class='ocrx_word' id='word_1_250' title='bbox 1370 3257 1415 3305; x_wconf 69' lang='lat'>⁷9⁶</span> 
     </span>
    </p>
   </div>
   <div class='ocr_carea' id='block_1_6' title="bbox 0 0 1789 4859">
    <p class='ocr_par' dir='ltr' id='par_1_17' title="bbox 0 0 1789 4859">
     <span class='ocr_line' id='line_1_39' title="bbox 0 0 1789 4859; baseline 0 0"><span class='ocrx_word' id='word_1_251' title='bbox 0 0 1789 4859; x_wconf 95' lang='lat' dir='ltr'> </span> 
     </span>
    </p>
   </div>
  </div>
 </body>
</html>
