3550 4859
435 549 491 612 ¹30
677 515 680 522 ⁶
750 548 775 591 Ρ.
797 545 930 592 vruotm
952 545 1094 592 unnours
1153 569 1160 587 ,

433 698 503 755 Non
518 694 585 772 opis
599 701 645 754 est
658 703 786 767 nostrae,
802 691 893 766 Dido,
908 711 965 752 nec
979 691 1125 768 quidquid
1137 691 1249 769 ubique
1262 701 1313 754 est
1355 697 1358 702 '

432 788 540 848 Gentis
555 786 732 860 Dardaniae,
748 803 888 863 magnruu
904 801 980 860 quae
994 803 1099 861 sparsa
1111 803 1166 861 per
1178 786 1291 846 orbem.

434 881 474 939 Di
488 880 551 954 tibi,
567 880 593 940 si
607 898 666 955 qua
679 880 745 956 pios
759 887 930 955 respectant
944 877 1075 951 numina,
1090 878 1204 955 siquid

432 975 570 1049 Usquam
588 972 703 1048 justitia
716 980 764 1032 est
777 981 808 1031 et
820 989 907 1030 mens
922 970 979 1030 sibi
992 970 1115 1030 conscia
1129 972 1211 1045 recti,

433 1064 567 1123 Praemia
581 1064 672 1142 digna
685 1064 788 1124 serant.
832 1065 918 1138 Quae
932 1072 963 1122 te
976 1072 1038 1122 tam
1052 1063 1131 1123 laeta
1144 1065 1275 1125 tulerunt

434 1158 578 1217 Saecula?
599 1157 650 1233 qui
664 1157 739 1216 tanti
753 1158 844 1215 talem
857 1174 986 1233 genuere
998 1160 1159 1233 parentes?

433 1253 470 1309 In
486 1249 561 1310 freta
574 1250 645 1308 dum
659 1249 741 1308 fluvii
755 1258 882 1322 current,
897 1249 969 1307 dum
982 1250 1136 1310 montibus
1149 1250 1273 1310 umbrae

433 1342 617 1403 Lustrabunt
630 1360 771 1420 convexa,
786 1342 874 1418 polus
888 1343 960 1401 dum
975 1342 1074 1402 sidera
1086 1353 1198 1419 pascet,

432 1438 556 1514 Semper
568 1437 666 1495 honos
681 1453 850 1512 nomenque
865 1444 948 1494 tuum
963 1436 1127 1512 laudesque
1140 1431 1314 1509 manebunt,

433 1530 520 1603 Quae
534 1549 581 1588 me
595 1547 723 1605 cumque
736 1540 845 1588 vocant
859 1538 963 1588 terrae.
1006 1530 1054 1589 Sic
1068 1531 1155 1603 fatrrs,
1168 1531 1298 1590 amicum
1405 1559 1420 1586 ο

433 1622 550 1681 Ilionea
563 1622 639 1700 petit
653 1622 765 1695 dextra,
781 1623 926 1699 laevaque
939 1624 1099 1696 Serestum,

434 1717 505 1774 Post
520 1715 602 1789 alios,
618 1717 783 1792 sortemque
798 1718 893 1794 Gyan,
909 1716 1075 1793 fortemque
1090 1718 1279 1777 Cloanthum

474 1808 638 1884 Obstupuit
651 1808 748 1886 primo
763 1810 908 1886 adspectu
922 1810 1045 1869 Sidonia
1060 1810 1150 1883 Dido,

434 1902 515 1961 Casu
529 1900 638 1961 deinde
653 1901 708 1960 viri
722 1912 814 1976 tanto,
830 1903 918 1962 etsie
932 1921 985 1961 ore
998 1904 1098 1963 locuta
1111 1914 1175 1963 est:

433 1992 509 2069 Quis
516 2004 554 2068 te,
567 2004 636 2055 uate
651 1996 716 2068 dea,
731 2014 784 2072 per
797 2006 880 2055 tanta
894 1995 1025 2073 pericula
1038 2015 1126 2057 casus

424 2087 626 2162 insequitur?
647 2106 723 2164 quae
734 2087 780 2148 vis
794 2088 974 2148 immanibus
987 2090 1118 2166 applicat
1132 2090 1215 2151 oris?

432 2180 519 2238 Tune
534 2180 584 2238 ille
599 2182 727 2255 Aeneas,
743 2199 831 2257 quem
847 2181 1002 2241 Dardanio
1015 2182 1167 2243 Anchisae

394 2292 407 2319 ο
433 2273 523 2332 Alma
536 2274 639 2333 Venus
654 2274 773 2351 Phrygii
786 2275 889 2352 genuit
905 2274 1066 2335 Simoentis
1080 2277 1119 2335 ad
1133 2277 1266 2337 undam?
1380 2279 1402 2304 ’·

433 2367 533 2441 Atque
548 2366 688 2443 equidem
701 2369 850 2426 Teucrum
864 2367 987 2426 memini
1003 2368 1118 2428 Sidona
1130 2368 1232 2429 venire

433 2458 557 2519 Finibus
572 2461 726 2537 expulsum
739 2460 850 2536 patriis,
866 2478 944 2519 nova
959 2479 1050 2539 regna
1063 2471 1216 2539 petentem

433 2551 552 2611 Auxilio
567 2553 651 2627 Beli3
671 2553 788 2630 genitor
801 2564 863 2611 tum
879 2554 968 2612 Belus
981 2553 1114 2630 opimam

432 2645 579 2705 Vastabat
593 2647 733 2724 Cyprum,
748 2656 779 2705 et
794 2646 889 2705 victor
903 2645 1016 2706 ditione
1029 2647 1161 2707 tenebat

432 2740 580 2821 Tempore
599 2740 661 2814 jam
675 2739 778 2798 exilio
792 2757 879 2798 casus
894 2739 966 2797 mihi
980 2740 1117 2818 cognitus
1131 2740 1214 2801 urbis

432 2832 581 2908 Trojanae
596 2850 767 2908 nomenque
781 2841 864 2891 tuum
879 2851 1023 2909 regesque
1038 2833 1166 2913 Pelasgi.

433 2927 505 3001 Ipse
519 2924 615 2984 hostis
629 2926 762 2984 Teucros
777 2918 886 3003 insigni
901 2926 990 2985 laude
1003 2925 1126 3000 serebat,

434 3019 533 3096 Seque
547 3028 643 3077 ortum
657 3018 780 3094 antiqua
793 3019 977 3077 Teucrorum
992 3019 1032 3078 ab
1044 3019 1135 3097 stirpe
1148 3019 1279 3080 volebat.

433 3111 536 3185 Quare
550 3112 637 3190 agite,
652 3130 671 3170 ο
686 3112 782 3183 tectis,
802 3112 938 3187 juvenes,
952 3111 1105 3172 succedite
1118 3113 1239 3173 uostris

433 3206 487 3264 Me
502 3223 621 3283 quoque
635 3206 814 3281 permultos
828 3204 936 3264 similis
949 3203 1068 3264 fortuna
1081 3205 1200 3265 labores
1232 3220 1235 3229 ·

432 3300 579 3375 Jactatam
593 3297 649 3357 hac
664 3298 784 3357 demum
797 3296 891 3357 voluit
904 3296 1068 3358 consistere
1081 3308 1169 3359 terra

433 3393 504 3450 Non
520 3390 621 3468 ignara
630 3390 704 3450 ‘mali
719 3388 834 3450 miseris
847 3408 1018 3449 succurrere
1032 3390 1126 3451 discor

431 3483 483 3545 Sic
498 3492 661 3557 memorat;
681 3482 769 3542 simul
785 3485 910 3543 Aenean
924 3484 956 3541 in
970 3484 1052 3562 regia
1065 3484 1148 3545 ducit

431 3579 535 3649 Tecta,
551 3576 638 3635 simul
652 3574 752 3634 divum
767 3576 887 3653 templis
901 3575 1006 3636 indicit
1019 3577 1173 3637 honorem.

432 3672 499 3729 Nec
513 3668 612 3728 minus
625 3667 739 3727 interea
753 3669 842 3728 sociis
856 3670 896 3728 ad
910 3668 996 3729 litora
1009 3669 1101 3730 mittit

431 3762 547 3842 Viginti
560 3772 669 3833 tataros,
684 3778 858 3839 magnorum
872 3762 1024 3821 horrentia
1036 3772 1158 3824 eentum

432 3858 529 3933 Terga
542 3873 637 3929 suum
652 3854 778 3933 pingues
792 3867 912 3915 centum
927 3875 995 3915 curn
1009 3856 1153 3916 matribus
1166 3872 1271 3933 amos,

433 3952 561 4010 Munera
574 3948 777 4025 laetitiamque
791 3948 850 4008 dei.
