3550 4859
734 556 893 601 meinos
914 556 973 601 na
997 556 1042 601 111.
1320 538 1372 612 167

398 704 578 782 Trojngena,
593 700 736 780 interpres
750 701 860 776 divum,
876 701 929 780 qni
942 701 1064 763 numina
1079 698 1202 775 Phoebi.

399 797 459 875 Qui
473 797 614 874 tripodas,
631 795 721 857 Clarii
735 795 842 869 laturus,
858 795 911 873 qui
924 795 1022 857 sidera
1036 795 1127 856 sentis
1339 813 1377 861 2⁶0

400 894 438 952 Et
451 892 608 952 volucrum
617 888 733 966 linguas
747 900 778 950 et
791 889 939 967 praepetis
953 888 1055 951 omina
1068 907 1194 966 pennae,

399 985 474 1044 Fare
489 1003 543 1061 age
551 1001 732 1059 -nnmque
744 1001 865 1043 omnem
879 1001 998 1043 cursum
1012 981 1085 1043 mihi
1099 1001 1241 1061 prospera
1253 978 1329 1044 dixit

400 1075 527 1154 Religio,
542 1085 573 1136 et
586 1075 687 1136 cuncti
702 1086 855 1137 suaserunt
868 1075 991 1137 numine
1005 1075 1065 1137 divi

399 1171 519 1231 Italiam
532 1180 634 1246 petere
649 1179 679 1228 et
693 1179 786 1229 terras
800 1179 913 1230 tentare
928 1179 1081 1246 repostas,
1323 1240 1327 1245 ,

397 1264 468 1324 Sola
481 1280 591 1322 novum
605 1259 746 1339 dictuque
760 1263 843 1323 nesas
858 1261 993 1339 Harpyia
1007 1263 1141 1326 Celaeno
1335 1277 1372 1331 ³⁶5

399 1355 571 1433 Prodigium
586 1355 674 1429 canit,
690 1364 720 1415 et
734 1354 830 1416 tristes
843 1355 1000 1416 denuntiat
1013 1355 1080 1428 iras,

397 1449 630 1525 Obscennmque
645 1449 755 1509 famem
763 1467 890 1525 -quae
903 1448 999 1526 prima
1012 1447 1144 1526 pericula
1156 1446 1239 1509 vito?

397 1541 518 1618 Quidve
533 1560 660 1618 sequens
675 1552 775 1602 tantos
788 1541 900 1618 possim
916 1561 1054 1618 superare
1069 1543 1207 1602 labores?

398 1633 461 1695 Hic
477 1634 613 1700 Helenus
630 1633 728 1694 caesis
745 1633 873 1711 primum
886 1635 926 1695 de
940 1653 1022 1695 more
1035 1633 1170 1712 juvencis

398 1729 510 1787 Exorat
524 1745 629 1804 pacem
643 1727 755 1800 divum,
769 1727 918 1803 vittasque
932 1728 1053 1788 resolvit

397 1819 510 1881 Sacrati
524 1818 637 1897 capitis,
653 1839 761 1897 meque
775 1820 816 1880 ad
829 1831 880 1880 tua
894 1819 1004 1894 limina,
1022 1822 1153 1895 Phoebe,

398 1915 470 1991 Ipse
484 1932 574 1973 manu
589 1914 683 1993 multo
697 1932 876 1990 suspensum
890 1914 1011 1975 numine
1026 1913 1118 1988 ducit,

397 2009 499 2084 Atque
513 2007 587 2066 haec
602 2005 711 2066 deinde
725 2005 806 2067 canit
820 2005 922 2067 divino
939 2027 977 2067 ex
991 2027 1043 2068 ore
1058 2007 1216 2071 sacerdos:

358 2169 369 2177 Q
438 2102 518 2160 Nate
532 2099 597 2174 dea,
606 2118 724 2159 —nam
738 2109 769 2160 te
783 2099 945 2177 majoribus
960 2098 1001 2160 ire
1015 2119 1069 2177 per
1082 2100 1176 2161 altum

399 2191 548 2270 Auspiciis
562 2191 720 2253 manifesta
732 2193 827 2253 fides:
850 2191 892 2253 sic
906 2193 967 2253 iata
981 2193 1071 2254 deum
1085 2213 1138 2254 rex

311 2311 313 2314 ’
398 2283 531 2360 Sortitur,
546 2285 697 2362 volvitque
712 2285 814 2362 vices3
834 2285 859 2347 is
873 2287 994 2348 vertitur
1007 2288 1132 2349 ordo-

399 2380 500 2440 Panca
514 2378 568 2439 tibi
583 2399 599 2439 e
613 2378 722 2454 multis,
738 2399 800 2456 quo
815 2379 904 2459 tutior
918 2379 1037 2459 hospita
1050 2382 1156 2443 lustres

399 2475 542 2550 Aequora
556 2482 586 2532 et
600 2471 737 2532 Ausonio
751 2472 848 2550 possis
862 2473 1019 2536 considere
1034 2485 1130 2553 portu,

400 2565 566 2643 Expediarn
581 2565 688 2640 dictis3
707 2566 867 2643 prohibent
882 2585 953 2626 nam
968 2577 1067 2628 cetera
1081 2570 1193 2628 Parcae

399 2657 478 2719 Scire
493 2660 646 2719 Helenum
660 2658 772 2736 farique
786 2670 867 2720 vetat
883 2660 1022 2721 Saturnia
1034 2662 1122 2737 Jun0.

399 2751 549 2830 Principio
564 2751 691 2826 Italiam,
707 2771 797 2828 quam
811 2763 845 2813 tu
858 2754 921 2829 jam
935 2773 999 2814 rere
1013 2752 1212 2830 propinquam

398 2844 593 2922 Vicinosque,
608 2844 718 2922 ignare,
734 2864 820 2922 paras
834 2844 975 2907 invadere
990 2857 1101 2923 portus,

399 2939 506 3016 Longa
518 2939 622 3016 procul
636 2937 733 3016 longis
747 2937 796 2998 via
810 2937 917 3001 dividit
930 2938 1010 3001 invia
1023 2938 1114 3000 terris

400 3033 480 3091 Ante
495 3042 526 3092 et
539 3030 690 3091 Trinacria
705 3032 864 3093 lentandus
878 3053 977 3096 remus
992 3033 1023 3093 in
1037 3032 1127 3105 unda,

400 3127 440 3184 Et
453 3124 522 3184 salis
537 3124 665 3185 Ausonii
679 3125 863 3188 lustrandum
878 3126 1004 3187 navibus
1018 3144 1137 3203 aequor,

400 3216 572 3294 Infernique
587 3219 671 3278 lacus
685 3220 865 3297 Aeaeaeque
880 3218 976 3280 insula
991 3217 1106 3292 Circae,
1173 3208 1175 3210 ⁵

400 3311 501 3386 Quam
516 3321 579 3371 tuta
593 3310 689 3388 possis
704 3315 808 3373 urbem
822 3331 1005 3388 componere
1019 3321 1104 3372 terra

400 3403 490 3481 signa
504 3403 558 3464 tibi
574 3404 692 3478 dicam;
712 3414 745 3465 tn
759 3404 882 3464 condita
895 3415 996 3464 mente
1010 3414 1130 3464 teneto:

400 3498 502 3574 Quum
516 3496 570 3557 tibi
586 3496 712 3558 sollicito
726 3496 833 3558 secreti
847 3497 886 3557 ad
900 3495 1030 3556 fluminis
1044 3496 1157 3558 undam

399 3588 527 3650 Litoreis
542 3588 646 3667 ingens
660 3589 782 3651 inventa
795 3591 851 3650 sub
865 3589 982 3650 ilicibus
997 3609 1047 3650 sus

399 3681 535 3760 Triginta
549 3683 681 3761 capitum
695 3684 772 3744 fetus
786 3683 873 3743 enixa
885 3683 1006 3760 jacebit,

402 3776 491 3848 Alba,
507 3777 573 3836 solo
587 3778 743 3851 recubans,
757 3775 819 3837 albi
832 3776 944 3837 circum
957 3778 1050 3837 ubera
1062 3776 1133 3850 nati,
1216 3817 1219 3826 ·

400 3870 434 3928 Is
448 3869 532 3929 locus
546 3869 626 3928 urbis
641 3869 703 3942 erit,
718 3869 835 3946 requies
849 3889 886 3930 ea
899 3879 981 3931 certa
993 3870 1137 3931 laborum.

400 3962 468 4023 Nec
483 3971 516 4021 tu
529 3979 698 4023 mensarum
713 3979 829 4023 morsus
843 3961 981 4025 horresce
995 3962 1126 4026 futuros:
