3550 4859
729 590 912 638 otonorcou
933 591 992 638 rau
1014 592 1048 637 33.
1325 595 1379 655 ¹07

402 735 463 797 Sed
477 735 570 797 trudit
581 754 716 815 gemmas
729 746 761 797 et
773 737 895 798 frondes
908 737 1038 814 explicat
1051 755 1165 801 omnes.
1345 765 1381 804 333

399 832 471 891 Non
485 828 561 890 alios
574 827 670 907 prima
682 830 846 889 crescentis
860 819 974 909 origine
989 829 1093 891 mundi

399 923 540 983 Illuxisse
555 921 620 983 dies
633 922 761 983 aliumve
776 923 917 984 habuisse
932 933 1066 983 tenorem

399 1014 603 1076 Crediderim:
623 1033 675 1074 ver
688 1015 762 1074 illud
777 1025 848 1089 erat,
864 1034 917 1075 ver
929 1035 1054 1094 magnus
1068 1017 1175 1094 agebat

399 1108 497 1180 Orbis,
513 1118 543 1167 et
557 1106 690 1167 hibernis
704 1109 867 1185 parcebant
879 1109 999 1169 flatibus
1015 1110 1106 1169 Euri:

399 1201 500 1274 Quum
515 1196 739 1276 primae'lucem
752 1202 884 1278 pecudes
900 1202 1033 1275 hausere,
1049 1203 1203 1280 virumque
1346 1231 1383 1270 w

398 1294 507 1352 Ferrea
520 1293 677 1371 progenies
691 1294 774 1353 duris
788 1305 878 1370 eaput
892 1294 996 1354 extulit
1011 1295 1098 1369 arvis,

398 1386 615 1462 Immissaeque
628 1386 709 1446 ferae
723 1387 805 1447 silvis
819 1397 850 1445 et
864 1387 963 1447 sidera
979 1388 1072 1447 coelo.

398 1480 429 1538 N
430 1497 466 1538 ec
479 1497 528 1538 res
542 1480 622 1537 hunc
636 1488 758 1539 tenerae
772 1490 895 1556 possent
908 1475 1037 1556 perferre
1052 1481 1193 1556 laborem,

397 1570 429 1631 Si
444 1590 505 1630 non
520 1581 603 1632 tanta
616 1572 701 1649 quies
714 1572 771 1632 iret
784 1572 936 1651 frigusque
950 1574 1140 1651 caloremque

398 1666 492 1737 Inter,
507 1675 538 1725 et
552 1664 701 1741 exciperet
714 1665 792 1725 coeli
807 1665 994 1744 indulgentia
1007 1676 1110 1727 terras.
1344 1694 1383 1733 333

439 1758 531 1833 Quod
546 1768 688 1834 superest,
705 1778 910 1835 quaecumque
925 1779 1042 1835 premes
1057 1760 1183 1839 virgulta
1196 1779 1251 1838 per
1264 1780 1361 1841 agros,

397 1852 510 1928 Sparge
525 1851 597 1910 fimo
612 1851 723 1929 pingui,
739 1862 769 1912 et
782 1853 876 1912 multa
889 1872 1004 1912 memor
1017 1855 1121 1913 occule
1135 1864 1220 1927 terra,

397 1946 461 2003 Aut
476 1944 608 2020 lapidem
622 1943 766 2017 bibulum,
783 1956 833 2004 aut
847 1946 1020 2021 squalentes
1034 1946 1135 2006 infode
1150 1948 1291 2022 conchas,

397 2039 484 2097 Inter
498 2036 578 2096 enim
593 2037 731 2096 labentur
745 2057 850 2113 aquae,
865 2037 1022 2114 tenuisque
1037 2038 1149 2100 subibit

398 2129 531 2203 Halitus,
546 2139 636 2206 atque
650 2130 767 2190 animos
781 2132 890 2191 tollent
904 2142 969 2191 sata
981 2154 990 2207 3
1008 2133 1131 2209 jamque
1145 2135 1263 2212 reperti,
1345 2161 1383 2201 aro

398 2223 461 2297 Qui
474 2242 549 2284 saxo
563 2242 651 2299 super
663 2233 754 2299 atque
770 2224 900 2300 ingentis
914 2225 1047 2301 pondere
1062 2235 1159 2288 testae

398 2317 569 2395 Urguerent
581 2337 591 2390 ;
610 2317 668 2376 hoc
682 2317 793 2376 effusos
807 2318 961 2376 munimen
975 2318 1013 2377 ad
1029 2318 1150 2393 imbres,

399 2411 471 2469 Hoc
486 2409 538 2469 ubi
551 2408 651 2468 hiulca
664 2409 712 2469 siti
725 2410 812 2470 findit
824 2409 916 2471 Canis
930 2409 1049 2470 aestifer
1063 2430 1139 2473 arva.

442 2500 612 2562 Seminibus
626 2501 895 2579 positis,.superest
908 2503 1050 2564 diducere
1066 2514 1175 2565 terram

401 2595 528 2672 Saepius
542 2595 581 2655 ad
595 2595 702 2671 capita,
718 2605 749 2655 et
762 2596 853 2655 duros
871 2596 984 2675 jactare
998 2597 1145 2671 bidentes,
1188 2644 1190 2649 .

400 2692 464 2748 Aut
477 2707 581 2766 presso
595 2707 732 2748 exercere
747 2690 845 2749 solum
858 2690 915 2749 sub
929 2709 1057 2763 vomere,
1073 2690 1183 2768 etipsa

401 2783 539 2841 Flectere
553 2780 701 2842 luctantes
715 2782 791 2842 inter
805 2782 906 2842 vineta
924 2783 1090 2861 juvencos3

399 2878 480 2935 Tum
494 2877 576 2934 leves
590 2876 721 2935 calamos
736 2885 766 2934 et
780 2894 864 2935 rasae
878 2876 998 2936 hastilia
1011 2877 1110 2955 virgae
1192 2919 1195 2927 ,

401 2967 624 3044 Fraxineasque
637 2978 739 3045 aptare
754 2968 854 3042 sudes,
869 2969 1029 3045 furcasque
1041 2970 1186 3042 valentes,

400 3062 522 3120 Viribus
537 3060 610 3121 eniti
622 3080 747 3137 quarum
765 3073 795 3121 et
809 3070 1002 3122 contemnere
1017 3072 1123 3122 ventos

401 3155 601 3227 Adsuescant,
617 3174 806 3231 summasque
821 3155 906 3231 sequi
920 3156 1053 3216 tabulata
1066 3174 1121 3232 per
1133 3155 1240 3216 ulmos.

442 3250 490 3307 Ac
503 3247 576 3307 dum
589 3248 685 3325 prima
698 3247 784 3307 novis
797 3248 943 3307 adolescit
956 3248 1112 3307 frondibus
1126 3258 1217 3321 aetas,

401 3341 590 3401 Parcendum
603 3341 722 3415 teneris,
739 3351 777 3414 et,
793 3341 865 3399 dum
879 3358 913 3400 se
928 3341 1023 3401 laetus
1036 3342 1075 3400 ad
1089 3361 1176 3402 auras

401 3436 522 3495 Palmes
537 3434 598 3517 agit
612 3435 687 3495 laxis
701 3454 755 3512 per
768 3454 875 3512 purum
890 3433 1041 3495 immissus
1055 3434 1190 3509 habenis,

401 3531 476 3605 Ipsa
488 3528 554 3588 acie
568 3529 704 3589 nondum
717 3528 801 3588 falcis
816 3527 969 3599 tentanda,
986 3528 1041 3586 sed
1054 3528 1141 3588 uncis

401 3621 583 3698 Carpendae
596 3621 735 3681 manibus
750 3620 880 3693 frondes,
898 3620 1032 3696 interque
1046 3621 1213 3701 legendae:

400 3714 481 3774 Inde
495 3714 548 3774 ubi
567 3716 630 3791 jam
643 3713 751 3774 validis
764 3715 920 3791 amplexae
935 3715 1075 3791 stirpibus
1089 3716 1186 3775 ulmos

401 3807 545 3881 Exierint,
561 3817 631 3867 tuno
644 3807 756 3885 stringe
769 3826 881 3880 comas,
896 3818 968 3867 tunc
981 3807 1103 3867 brachia
1116 3806 1208 3867 tonde
1219 3826 1228 3879 ;

401 3903 485 3961 Ante
498 3901 694 3961 reformidant
707 3900 815 3959 ferrum
827 3922 836 3975 3
856 3910 920 3960 tum
934 3900 1064 3976 denique
1078 3900 1154 3960 dura

402 3995 520 4055 Exerce
534 3993 667 4072 imperia,
682 4002 715 4054 et
726 4011 827 4054 ramos
840 4011 1000 4071 compesce
1013 3993 1151 4054 fluentes
