3550 4859
676 590 836 634 strennos
856 590 916 633 un
936 590 975 633 lv.

248 736 252 747 '
336 738 456 815 Cuique
471 734 530 797 loci
544 737 624 812 leges
638 734 785 809 dedimus,
800 734 952 795 connubia
965 745 1067 795 nostra

336 823 461 908 Repulit
474 848 510 889 ac
524 828 678 888 dominum
694 830 819 889 Aenean
833 829 865 888 in
878 847 973 907 regna
985 827 1105 906 recepit

337 926 378 984 Et
392 943 471 984 nunc
488 922 538 982 ille
552 922 635 982 Paris
649 941 717 982 cnm
732 922 870 982 semiviro
883 921 1036 996 comitatu,

336 1017 482 1078 Maeonia
495 1027 628 1075 mentum
643 1016 730 1075 mitra
742 1015 914 1093 crinemque
930 1015 1101 1075 madentem
1190 1037 1193 1043 ·

338 1110 505 1183 Subnexus,
520 1118 606 1186 rapto
620 1108 751 1184 potitur:
770 1127 828 1168 nos
842 1128 965 1169 munera
978 1108 1097 1187 templis

337 1202 460 1280 Quippe
475 1201 533 1262 tuis
548 1202 676 1274 ferimus,
691 1202 861 1277 lemamque
875 1202 1010 1262 fovemus
1024 1198 1153 1263 inanem.

380 1295 505 1355 Talibus
519 1304 654 1354 orantem
668 1293 756 1353 dictis
769 1312 894 1370 arasque
909 1303 1061 1354 tenentem

337 1387 444 1448 Audiit
458 1388 658 1463 omnipotens,
673 1386 837 1463 oculosque
850 1387 891 1447 ad
905 1386 1024 1447 moenia
1037 1388 1122 1447 torsit

339 1481 436 1558 Regia
450 1491 481 1540 et
495 1480 605 1540 oblitos
621 1480 717 1539 famae
731 1477 862 1539 melioris
876 1490 1019 1540 amantes.

337 1576 418 1633 Tum
433 1573 475 1633 sic
491 1570 672 1632 Mercurium
687 1570 847 1649 alloquitur
860 1590 896 1631 ac
910 1571 980 1631 talia
993 1572 1135 1633 mandat:

339 1668 427 1727 Vade
442 1685 505 1744 age,
522 1676 600 1739 nate,
616 1685 693 1725 voca
705 1666 857 1742 Zephyros
871 1674 902 1726 et
916 1666 1016 1725 labere
1030 1664 1145 1742 pennis,

340 1759 586 1837 Dardaniumque
601 1760 718 1832 ducem,
734 1758 824 1838 Tyria
838 1759 1023 1837 Karthagine
1039 1759 1090 1836 qui
1104 1778 1187 1820 nunc

340 1855 513 1931 Exspectat,
528 1852 656 1928 satisque
670 1852 756 1912 datas
771 1870 832 1911 non
846 1851 966 1928 respicit
980 1855 1079 1927 urbes,
1284 1882 1321 1920 ης

339 1946 504 2023 Alloquere
519 1955 550 2005 et
563 1946 676 2005 celeres
689 1945 772 2005 deser
785 1964 853 2005 mea
866 1944 949 2005 dicta
960 1965 1015 2023 per
1028 1965 1122 2007 auras.

328 2041 413 2100 ‘Non
428 2039 510 2098 illum
524 2038 613 2099 nobis
626 2037 759 2116 genetrix
772 2038 968 2115 pulcherrima
982 2040 1072 2100 talem

339 2132 479 2193 Promisit
494 2132 676 2208 Graiumque
691 2130 761 2192 ideo
775 2130 821 2191 bis
834 2131 966 2191 vindicat
980 2132 1090 2208 armis;

341 2228 403 2287 Sed
418 2227 489 2300 iore,
505 2225 556 2302 qui
570 2225 721 2302 gravidam
736 2223 866 2301 imperiis
880 2226 1022 2302 belloque
1036 2226 1211 2287 frementem

340 2319 461 2381 Italiam
475 2327 598 2395 regeret,
612 2336 708 2396 genus
722 2318 783 2378 alto
797 2336 816 2377 a
829 2318 973 2395 sanguine
987 2318 1095 2379 Teucri
1284 2347 1323 2385 ῳ

339 2414 493 2486 Proderet,
509 2432 545 2472 ac
560 2421 656 2472 totum
670 2411 726 2471 sub
740 2411 820 2487 leges
835 2409 964 2472 mitteret
977 2412 1089 2472 orbem

338 2506 373 2567 Si
388 2505 468 2566 nulla
481 2504 619 2565 accendit
632 2514 780 2564 tantarum
794 2504 888 2580 gloria
903 2522 999 2564 rerum

339 2602 409 2659 Nec
423 2618 511 2676 super
525 2598 589 2675 ipse
603 2616 657 2657 sua
670 2596 791 2656 molitm
805 2597 895 2657 laude
908 2597 1050 2669 laborem,

340 2691 514 2752 Ascanione
528 2701 613 2767 pater
627 2692 781 2750 Romanas
795 2689 910 2751 invidet
923 2692 1026 2751 arces?

339 2783 425 2859 Quid
438 2783 543 2845 struit?
563 2794 614 2844 aut
628 2802 688 2859 qua
700 2801 754 2861 spe
769 2783 889 2844 inimica
904 2785 935 2843 in
948 2794 1039 2863 gente
1052 2792 1190 2856 moratur,
1285 2810 1322 2849 ης

342 2880 410 2939 Nec
424 2878 538 2955 prolem
554 2876 719 2936 Ausoniam
733 2886 764 2936 et
778 2875 904 2936 Lavinia
917 2874 1036 2953 respicit
1050 2877 1139 2935 arva?
1245 2904 1248 2936 ÷

342 2969 490 3048 Naviget:
511 2971 586 3029 haec
601 2988 717 3028 summa
731 2979 795 3042 est3
815 2968 864 3030 hic
877 2967 971 3030 nostri
985 2968 1106 3028 nuntius
1120 2978 1194 3029 esto.

385 3064 516 3124 Dixerat
560 3064 616 3122 Ille
630 3061 721 3139 patris
735 3061 834 3139 magni
849 3081 951 3139 parere
965 3063 1088 3138 parabat

345 3156 477 3235 Imperio
488 3178 496 3230 ;
517 3166 546 3216 et
561 3154 686 3234 primum
701 3155 829 3233 pedibus
842 3153 946 3215 talaria
959 3154 1052 3215 nectit

344 3253 453 3324 Aurea,
468 3268 545 3327 qnae
559 3248 716 3309 sublimem
730 3247 786 3307 alis
799 3247 862 3308 sive
875 3265 1006 3323 aequora
1020 3265 1108 3324 supra
1285 3274 1326 3314 ῳ

344 3346 404 3405 Seu
418 3353 523 3404 terram
537 3340 642 3419 rapido
656 3341 766 3419 pariter
778 3360 847 3401 cum
860 3340 980 3401 flamine
994 3350 1132 3418 portant;

343 3439 424 3497 Tum
437 3435 547 3512 virgam
562 3433 662 3512 capit3
681 3435 740 3495 hac
752 3434 867 3493 animas
880 3433 931 3494 ille
944 3443 1051 3494 evocat
1064 3433 1147 3495 Orco
1191 3495 1194 3500 ,

282 3518 290 3526 ’
344 3530 503 3603 Pallentes,
519 3528 592 3589 alias
606 3529 662 3588 sub
676 3529 801 3587 Tartara
813 3526 908 3587 tristia
921 3526 1020 3599 mittit,

343 3625 406 3701 Dat
420 3640 542 3683 somnos
555 3620 729 3697 adimitque,
744 3629 774 3680 et
786 3619 901 3680 lumina
912 3629 1008 3681 morte
1021 3617 1158 3697 resignat

343 3717 402 3777 llla
414 3716 506 3777 fretus
519 3714 580 3793 agit
593 3724 710 3787 ventos,
725 3711 887 3772 ettmbida
900 3721 998 3772 tranat
1286 3738 1324 3781 ης

255 3842 263 3854 ·
343 3808 477 3884 Nubila;
495 3810 618 3887 jamque
631 3806 737 3866 volans
751 3804 866 3882 apicem
879 3814 912 3865 et
924 3806 1018 3866 latera
1030 3805 1121 3866 ardua
1134 3804 1228 3867 cernit
1345 3862 1347 3877 ἶ

341 3902 476 3963 Atlantis
490 3900 564 3973 duri,
579 3899 698 3959 coelum
713 3896 765 3974 qni
778 3896 887 3957 vertice
901 3897 994 3971 fulcit,
1292 3903 1295 3908 ’

343 3994 486 4071 Atlantis,
500 3993 631 4055 cinctum
645 3989 770 4052 adsidue
783 3989 833 4052 cui
845 3989 976 4053 nubibus
990 3988 1059 4053 atris
