3550 4859
678 567 887 613 ΜΜΙΡΠ.
909 568 969 612 m.
992 568 1019 612 V.

358 710 542 772 Trinacriam
557 721 626 772 ante
641 712 722 787 alias,
736 712 768 773 in
782 719 843 791 q'ua
855 714 980 792 vestigia
992 714 1113 774 damni·
1161 718 1165 726 '
1255 717 1258 724 '

358 804 491 884 Repetit.
537 808 615 882 Ergo
630 804 690 866 illic
704 826 794 867 saeva
806 808 951 869 vertentia
964 809 1067 885 glebas

357 898 458 977 Fregit
472 909 568 958 aratra
582 918 681 973 manu,
697 899 841 977 parilique
855 900 930 961 irata
943 903 1068 962 colonos

357 992 575 1069 Ruricolasque
589 994 683 1053 boves
697 994 759 1053 leto
773 993 864 1067 dedit,
881 1013 1009 1071 arvaque
1021 994 1113 1071 jussit-

357 1087 473 1146 Fallere
489 1086 668 1163 deposimm,
683 1085 845 1163 vitiataque
860 1087 974 1167 semina
988 1088 1064 1148 fecit

357 1179 505 1239 Fertilitas
521 1189 622 1253 terrae,
639 1180 733 1238 latum
747 1181 868 1257 vulgata
880 1200 935 1257 per
948 1183 1060 1255 orbem,

358 1274 453 1333 Cassa
464 1274 545 1350 jacet
557 1296 574 1334 :r
583 1272 686 1349 primis
701 1284 817 1350 segetes
832 1274 998 1333 moriuntur
1010 1274 1043 1332 in
1056 1274 1165 1349 herbis,

358 1367 397 1425 Et
412 1366 503 1425 modo
517 1366 561 1426 sol
576 1365 692 1440 nimius,
708 1366 817 1426 nimius
832 1367 926 1426 modo
940 1366 1061 1443 corripit
1076 1367 1190 1443 imber3
1291 1387 1294 1394 ·
1333 1385 1336 1394 ·

356 1458 520 1535 Sideraque
532 1459 673 1536 ventique
687 1470 806 1534 nocent,
823 1459 988 1537 avidaeque
1002 1461 1137 1521 volucres

356 1551 479 1612 Semina
489 1553 570 1629 jacta
583 1553 704 1630 legunt3
724 1553 827 1613 lolium
842 1554 1003 1630 tribulique
1016 1553 1140 1631 fatigant

356 1643 503 1704 Triticeas
518 1664 630 1706 messes
643 1656 674 1705 et
688 1647 918 1723 inexpugnabile
932 1666 1062 1724 gramen.

356 1739 436 1797 Tum
450 1750 540 1817 caput
555 1739 635 1800 Eleis
648 1741 792 1817 Alpheias
807 1741 913 1801 extulit
926 1740 1023 1815 undis,

355 1832 566 1909 Rorantesque
579 1851 682 1892 comas
695 1853 715 1893 a
727 1835 823 1894 fronte
837 1834 963 1895 removit
978 1835 1017 1905 ad
1031 1853 1126 1909 aures,

355 1926 458 2001 Atque
472 1924 531 1985 ait:
553 1927 582 1987 Ο
596 1936 661 1986 toto
675 1928 827 2003 quaesitae
839 1927 960 2005 virginis
974 1930 1047 1988 orbe

355 2019 397 2077 Et
410 2017 527 2095 frugum
540 2019 674 2095 genitrix,
690 2019 853 2081 immensos
868 2020 939 2081 siste
953 2022 1079 2095 labores,

355 2113 387 2170 N
389 2130 443 2171 eve
457 2111 513 2172 tibi
525 2112 604 2172 fidae
617 2113 749 2172 violenta
761 2113 887 2175 irascere
902 2124 1004 2175 terrae.

353 2205 448 2264 Terra
461 2204 536 2264 nihil
549 2205 663 2280 meruit,
678 2206 834 2283 patuitque
848 2207 942 2267 invita
954 2208 1082 2286 rapinae.

353 2299 423 2357 Nec
437 2317 505 2358 sum
519 2318 574 2376 pro
587 2299 682 2376 patria
695 2301 841 2377 supplex:
861 2302 920 2361 huc
934 2302 1054 2377 hospita
1065 2301 1153 2361 veni:

353 2390 426 2451 Pisa
439 2391 513 2451 mihi
526 2392 622 2469 patria
635 2404 688 2467 est,
704 2403 735 2453 et
749 2396 789 2454 ab
804 2395 891 2454 Elide
906 2395 1043 2455 ducimus
1057 2405 1159 2470 ortusg
1246 2393 1248 2398 ’
1289 2403 1292 2408 ’
1335 2399 1339 2410 “

354 2483 507 2544 Sicaniam
522 2485 677 2563 peregrina
690 2487 766 2560 colu,
782 2489 836 2548 sed
850 2489 960 2565 gratior
973 2489 1055 2548 omni

353 2580 445 2638 Haec
459 2577 533 2638 mihi
546 2588 623 2639 terra
636 2580 701 2639 solo
716 2590 781 2640 est:
802 2581 858 2640 hos
873 2599 954 2640 nunc
968 2583 1116 2642 Arethusa
1129 2591 1262 2659 penates,¹
1282 2601 1285 2606 ’

354 2673 449 2732 Hanc
463 2672 561 2732 habeo
571 2673 686 2746 sedem,
703 2692 793 2750 quam
807 2684 848 2747 tu,
864 2673 1027 2763 mitissima,
1043 2693 1134 2734 serva

353 2766 446 2824 Mota
459 2766 527 2824 loco
543 2785 595 2825 cur
609 2766 665 2825 sim
679 2766 814 2844 tantique
828 2786 882 2843 per
896 2767 1032 2843 aequoris
1046 2768 1146 2828 undas

353 2857 498 2917 Advehar
513 2858 675 2937 Ortygiam,
691 2860 791 2919 veniet
805 2859 970 2919 narratibus
984 2860 1058 2920 hora

352 2950 547 3027 Tempestiva
561 2952 655 3026 meis,
674 2972 766 3029 quum
780 2963 813 3012 tu
827 2952 963 3029 currisque
978 2954 1075 3013 levata

354 3045 395 3103 Et
408 3044 506 3104 vultus
521 3044 651 3105 melioris
664 3045 747 3105 eris..
774 3045 852 3104 Mihi
867 3046 968 3122 pervia
981 3048 1069 3105 tellus

354 3138 483 3197 Praebet
497 3136 567 3211 iter,
576 3140 736 3215 subterque
750 3138 825 3198 imas
833 3140 940 3199 ablata
951 3157 1096 3199 cavernas

354 3228 418 3289 Hic
432 3241 523 3307 caput
536 3232 640 3292 attollo
654 3232 837 3308 desuetaque
851 3232 949 3293 sidera
961 3251 1060 3293 cerno.
1088 3304 1091 3314 Ι

352 3323 442 3399 Ergo,
459 3324 532 3383 dum
548 3323 649 3401 Stygio
664 3327 719 3384 sub
733 3325 817 3384 terris
831 3325 945 3401 gurgite
959 3326 1051 3399 labor,

351 3414 427 3475 Visa
442 3427 495 3475 tua
509 3427 555 3476 est
568 3416 663 3476 oculis
676 3416 737 3476 illic
752 3419 929 3494 Proserpina
942 3417 1058 3478 nostris.

352 3510 412 3568 Illa
425 3508 547 3585 quidem
562 3510 651 3570 tristis
665 3530 722 3570 nec
737 3512 836 3570 adhuc
850 3510 982 3571 interrita
994 3513 1086 3586 vultu,

350 3602 413 3661 Sed
427 3601 528 3680 regina
543 3613 651 3677 tamen,
667 3604 720 3663 sed
735 3605 823 3681 opaci
837 3604 967 3663 maxima
980 3603 1093 3680 mundi,

351 3695 415 3755 Sed
429 3705 532 3755 tamen
544 3694 651 3755 inferni
664 3697 783 3773 pollens
798 3708 935 3757 matrona
949 3697 1072 3775 tyranni

394 3789 495 3848 Mater
510 3789 547 3848 ad
562 3788 679 3849 auditas
693 3789 814 3866 stupuit,
830 3808 885 3850 ceu
900 3809 997 3864 saxea,
1012 3808 1112 3865 voces,

346 3879 567 3958 Attonitaeque
581 3881 633 3941 diu
648 3881 751 3942 similis
765 3881 825 3943 fuit
871 3885 974 3960 thue
989 3884 1093 3944 dolore

348 3975 443 4034 Pulsa
456 3973 648 4053 gravi-gama
662 3985 708 4036 est
720 3975 862 4051 amanda,
874 3976 1007 4048 curribus
1020 3995 1109 4039 auras
1151 4017 1154 4026 ·
1276 4039 1281 4046 .

1296 3883 1334 3952 313
