3550 4859
452 567 508 625 ²3²
766 564 791 607 Ρ.
813 564 946 607 vincum
968 562 1111 607 uanoms

556 709 562 721 ο
949 708 954 720 .
974 708 980 719 .
1202 690 1215 716 0

449 714 612 787 Accepisse
626 711 700 783 lacu,
717 728 773 769 nec
787 710 907 768 Thesea
921 709 1156 785 Pirithoumque,

451 803 506 861 Dis
521 822 702 879 quamquam
715 801 807 878 geniti
822 813 912 878 atque
926 800 1028 861 invicti
1041 801 1153 862 viribus
1167 811 1275 864 esseut,

449 898 624 955 Tartareum
639 895 687 955 ille
702 914 792 954 manu
806 895 963 954 custodem
977 893 1008 952 iu
1022 894 1120 954 vincla
1133 893 1246 971 petivit,

451 989 549 1066 Ipsius
564 1009 582 1048 a
595 988 672 1048 solio
685 987 770 1066 regis,
786 987 934 1064 traxitque
948 999 1123 1048 trementem
1134 1008 1143 1061 3

401 1131 403 1136 .
451 1081 495 1141 Hi
510 1081 663 1141 dominam
679 1082 757 1140 Ditis
772 1082 905 1140 thalamo
919 1081 1066 1140 deducere
1080 1080 1184 1141 adorti.

450 1176 537 1249 Quae
552 1185 656 1234 contra
669 1173 797 1233 breviter
810 1175 869 1232 fata
884 1184 929 1233 est
942 1173 1121 1251 Amphrysia
1134 1185 1235 1234 vates:

450 1270 560 1327 Nullae
574 1268 624 1327 hic
638 1267 762 1327 insidiae
777 1269 870 1341 tales,
891 1266 1001 1326 absiste
1015 1266 1146 1342 moverij

450 1364 517 1422 Nec
531 1361 592 1420 vim
607 1362 666 1421 tela
680 1363 795 1435 ferunt3
815 1360 884 1420 licet
898 1360 1003 1437 ingens
1018 1354 1128 1436 Janitor
1142 1370 1228 1422 antro

450 1458 613 1515 Aeternum
628 1455 737 1514 latrans
751 1453 915 1530 exsangues
929 1463 1036 1513 terreat
1048 1454 1176 1527 umbras,

446 1547 544 1609 Casta
557 1548 627 1608 licet
641 1547 737 1625 patrui
752 1557 849 1607 servet
863 1546 1040 1623 Proserpina
1054 1546 1153 1606 limen.

450 1641 557 1700 Troius
573 1644 702 1715 Aeneas,
717 1640 827 1718 pietate
841 1639 964 1716 insignis
979 1650 1009 1699 et
1023 1638 1119 1713 armis,

451 1735 501 1794 Ad
514 1734 679 1811 genitorem
693 1734 767 1793 imas
782 1733 871 1793 Erebi
885 1732 1040 1806 descendit
1054 1733 1093 1793 ad
1108 1734 1235 1794 umbras

450 1827 480 1888 Si
495 1839 524 1887 te
539 1829 621 1887 nulla
634 1838 735 1887 movet
749 1838 849 1887 tantae
863 1826 982 1904 pietatis
1000 1827 1106 1903 imago,

451 1925 493 1981 At
506 1940 620 1980 ramum
635 1921 715 1980 hunc
724 1920 867 1997 —aperit
878 1939 1001 1993 ramum,
1017 1919 1068 1995 qui
1081 1930 1164 1980 veste
1178 1920 1338 1980 latebat-

449 2017 613 2091 Agnoscas.
656 2013 787 2072 Tumida
801 2033 838 2072 ex
852 2014 971 2072 iratum
987 2014 1080 2073 corda
1092 2013 1232 2072 residunt.
1316 2083 1319 2088 ,

445 2110 517 2167 vNec
531 2108 617 2185 plura
631 2106 685 2165 his.
730 2107 785 2165 Ille
800 2105 950 2165 admirans
965 2106 1134 2177 venerabile
1149 2106 1262 2166 donum

451 2200 562 2260 Fatalis
576 2200 684 2277 virgae,
700 2201 791 2275 longo
804 2210 875 2276 post
888 2209 1022 2275 tempore
1036 2198 1141 2272 visum,

451 2295 625 2354 Caeruleam
641 2292 766 2353 advertit
779 2292 913 2369 puppim,
928 2291 1068 2368 ripaeque
1082 2291 1269 2369 propinquat.

451 2387 528 2446 Inde
542 2387 614 2446 alias
628 2386 751 2459 animas,
768 2404 844 2462 quae
858 2404 912 2462 per
923 2387 994 2462 juga
1008 2386 1097 2461 longa
1111 2386 1265 2459 sedebant,

451 2481 606 2553 Deturbat,
623 2481 762 2556 laxatque
776 2480 876 2552 soros;
896 2477 989 2559 simul·
998 2477 1106 2555 accipit
1120 2479 1206 2538 alveo

451 2575 610 2649 Ingentem
626 2576 758 2633 Aenean.
803 2571 925 2632 Gemuit
939 2572 994 2630 sub
1008 2572 1141 2648 pondere
1156 2573 1262 2648 cymba

450 2665 559 2738 Sutilis,
575 2677 605 2725 et
619 2666 742 2725 multam
758 2664 873 2741 accepit
886 2664 995 2724 rimosa
1009 2665 1157 2740 paludem.

450 2759 587 2817 Tandem
603 2758 818 2818 transfluvium
834 2758 991 2817 incolumis
1005 2768 1163 2833 vatemque
1176 2756 1330 2833 virumque
1402 2771 1404 2775 '

451 2852 575 2911 Informi
590 2852 661 2911 limo
675 2854 839 2929 glaucaque
853 2850 976 2927 exponit
989 2849 1020 2910 in
1033 2850 1108 2910 ulva

492 2946 640 3004 Cerberus
654 2945 728 3004 haec
743 2945 848 3022 ingens
863 2945 969 3003 latratu
983 2962 1074 3020 regna
1087 2942 1201 3003 trifauci

451 3039 603 3110 Personat,
620 3038 744 3097 adverso
759 3040 905 3098 recubans
919 3036 1056 3096 immanis
1070 3036 1100 3096 in
1115 3046 1210 3096 antro.

452 3129 509 3190 Cui
523 3140 613 3203 vates,
629 3131 747 3191 horrere
761 3131 866 3191 ridens
879 3133 941 3208 jam
956 3131 1033 3189 colla
1047 3128 1184 3202 colubris,

452 3224 545 3282 Melle
560 3235 728 3300 soporatam
744 3235 774 3284 et
788 3224 944 3284 medicatis
958 3222 1090 3300 frugibus
1105 3222 1195 3282 offam

452 3316 571 3392 Objicit.
616 3317 673 3376 Ille
687 3319 765 3377 same
780 3317 883 3377 rabida
897 3316 952 3377 tria
965 3328 1084 3395 guttura
1096 3316 1232 3393 pandens

452 3408 581 3485 Corripit
596 3412 754 3485 objectam,
770 3421 859 3487 atque
874 3410 1015 3469 immania
1029 3421 1111 3487 terga
1124 3406 1245 3468 resolvit

452 3504 547 3560 Fusus
562 3503 653 3574 humi,
669 3513 792 3579 totoque
807 3503 912 3580 ingens
926 3504 1095 3563 extenditur
1109 3512 1202 3564 antro·

452 3596 590 3671 Occupat
605 3599 723 3655 Aeneas
738 3597 851 3656 aditum
865 3597 990 3656 custode
1006 3596 1132 3672 sepult0‚

452 3688 619 3764 Evaditque
633 3689 712 3749 celer
724 3688 819 3766 ripam
833 3673 1025 3749 irremeabilis
1039 3690 1145 3748 undae.

492 3781 645 3840 Continuo
659 3782 776 3842 auditae
790 3800 880 3841 voces
894 3782 1009 3857 vagitus
1024 3792 1054 3841 et
1068 3780 1173 3857 ingens

452 3875 663 3949 lnfantumque
678 3874 795 3933 animae
810 3875 917 3934 flentes
931 3874 962 3932 in
977 3873 1077 3934 limine
1091 3873 1197 3951 primo,

453 3968 537 4041 Quos
552 3966 646 4025 dulcis
660 3965 737 4027 vitae
751 3977 884 4026 exsortes
899 3977 929 4027 et
943 3968 981 4027 ab
996 3968 1087 4028 ubere
1100 3976 1202 4043 raptos
