3550 4859
397 556 435 631 5⁶
731 570 757 614 a.
778 570 879 614 ovrnn
901 546 1036 614 unsonrs

395 719 442 776 Ac
455 715 546 776 veluti
561 717 685 793 supplex
698 735 753 793 pro
768 727 829 775 tarn
842 715 993 775 furialibus
1007 712 1088 775 ausis

397 813 477 869 Ante
491 810 584 887 pedes
596 809 697 886 jacuit.
743 810 803 869 Sed
818 808 897 868 enim
913 808 1067 868 temeraria
1080 817 1219 868 crescunt

397 904 488 977 Bella,
503 902 671 978 modusque
685 902 758 961 abiit
772 901 937 978 insanaque
951 911 1053 978 regnat
1069 899 1206 979 Erinnys.
1392 966 1394 972 ,

397 998 573 1071 Cunctaque
588 996 648 1054 tela
661 995 757 1054 forent
771 1005 860 1054 cantu
874 994 997 1067 mollita,
1013 994 1067 1054 sed
1081 993 1186 1072 ingens
1324 1054 1326 1059 ,
1350 1022 1373 1060 ις

398 1089 520 1150 Clamor
533 1098 563 1148 et
577 1087 680 1147 inflato
695 1088 870 1165 Berecyntia
883 1086 957 1147 tibia
971 1105 1063 1147 comu

396 1184 612 1259 Tympanaque
627 1190 657 1240 et
670 1181 790 1257 plausus
805 1191 835 1240 et
849 1179 978 1240 Bacchei
992 1181 1120 1240 ululatus

317 1312 324 1324 ·
397 1276 598 1351 Obstrepuere
613 1292 689 1333 sono
703 1272 840 1333 citharae.
884 1275 963 1332 Tum
978 1271 1108 1349 denique
1122 1291 1194 1333 saxa

398 1371 468 1427 Non
483 1366 614 1426 exauditi
627 1369 789 1427 rubuemnt
803 1366 945 1444 sanguine
958 1366 1043 1426 vatis.

398 1465 444 1521 Ac
458 1461 585 1538 primum
600 1459 740 1520 attonitas
754 1460 916 1520 etiamnum
930 1477 1006 1519 voce
1020 1458 1155 1519 canentis

399 1557 573 1613 Innumeras
587 1554 722 1613 volucres
736 1571 906 1630 anguesque
921 1571 1087 1629 agmenque
1100 1553 1227 1612 ferarum

399 1647 565 1707 Maenades
581 1645 693 1722 Orphei
709 1645 827 1706 titulum
841 1665 965 1723 rapuere
979 1645 1117 1720 theatri;-

399 1741 475 1801 Inde
490 1740 649 1799 cruentatis
663 1749 816 1799 vertuntur
829 1738 860 1798 in
874 1739 997 1817 Orphea
1011 1738 1131 1813 dextris,

399 1836 438 1893 Et
452 1836 571 1907 coeunt,
588 1842 621 1891 nt
635 1850 713 1906 aves,
730 1831 754 1891 si
769 1833 892 1909 quando
905 1832 972 1892 luce
985 1842 1143 1909 vagantem

325 1940 330 1949 '
399 1925 505 1987 Noctis
519 1944 605 1985 avem
620 1935 754 1999 cernunt,
770 1933 942 2002 structoque
956 1924 1104 2001 utrimque
1119 1925 1235 1986 theatro
1350 1954 1375 1993 ις

398 2021 443 2080 Ut
457 2019 603 2079 matutina
616 2037 719 2079 cervus
733 2018 879 2095 periturus
895 2036 985 2077 arena

399 2113 514 2173 Praeda
527 2132 635 2173 canum
650 2121 713 2185 est3
729 2120 888 2187 vatemque
903 2120 1018 2188 petunt,
1034 2120 1064 2171 et
1078 2111 1183 2172 fronde
1197 2110 1326 2174 virentes

399 2205 573 2284 ConJiciunt
587 2205 703 2283 thyrsos
717 2222 779 2263 non
793 2205 868 2264 haec
882 2203 914 2263 in
929 2223 1054 2264 munera
1066 2205 1169 2279 factos

399 2301 469 2359 Hae
482 2300 595 2377 glebas,
611 2297 679 2357 illae
693 2296 825 2375 direptos
840 2298 945 2357 arbore
959 2315 1066 2372 ramos,
1174 2306 1177 2312 ‘

399 2395 472 2452 Pars
485 2402 625 2470 torquent
640 2390 744 2450 silices.
787 2392 857 2450 Neu
871 2390 971 2450 desint
985 2391 1044 2450 tela
1057 2390 1155 2465 furori,
1352 2422 1376 2460 30

399 2486 487 2546 Forte
501 2486 595 2545 boves
609 2503 712 2561 presso
727 2483 905 2560 subigebant
918 2502 1038 2543 vomere
1052 2493 1167 2557 terram,

399 2581 465 2638 Nec
479 2579 582 2655 procul
596 2577 675 2651 hinc,
690 2578 785 2637 multo
799 2577 926 2636 fructum
940 2576 1048 2636 sudore
1063 2587 1209 2654 parantes,

399 2674 483 2731 Dura
496 2670 634 2731 lacertosi
648 2670 802 2731 fodiebant
816 2688 885 2729 arva
900 2669 1017 2729 coloni:

400 2764 528 2841 Agmine
543 2763 593 2841 qui
608 2763 673 2823 viso
687 2762 802 2841 lugiunt
817 2762 976 2847 operisque
990 2761 1161 2839 relinquunt

400 2860 493 2917 Arma
507 2856 559 2930 sui,
575 2875 744 2932 vacuosque
758 2858 858 2933 jacent
872 2854 1007 2933 dispersa
1020 2875 1074 2932 per
1088 2874 1173 2933 agros
1351 2886 1376 2923 35

400 2950 577 3026 Sarculaque
591 2948 734 3025 rastrique
748 2967 852 3026 graves
866 2947 1007 3025 longique
1022 2947 1144 3027 ligones.

400 3043 488 3117 Quae
503 3052 663 3119 postquam
677 3059 801 3119 rapuere
814 3041 902 3115 serae,
918 3058 1070 3117 cornuque
1084 3041 1217 3103 minaces

400 3123 549 3195 Divellere
562 3136 664 3208 boves,
681 3134 720 3194 ad
733 3133 809 3194 ratis
823 3134 884 3194 fata
897 3143 1057 3207 recurrunt,
1293 3128 1298 3135 '

400 3229 649 3304 Tendentemque
664 3245 770 3287 manus
783 3237 874 3303 atque
888 3225 941 3286 illo
955 3236 1089 3303 tempore
1102 3226 1230 3305 primum

401 3320 489 3381 Irrita
502 3320 651 3382 dicentem
664 3338 721 3380 nec
736 3319 897 3397 quicquam
911 3338 986 3380 voce
999 3329 1181 3384 moventem¹
1352 3350 1379 3388 40

402 3414 566 3491 sacrilegae
580 3413 748 3491 perimunt,
768 3431 879 3489 perque
895 3431 1041 3490 os—-pro
1054 3412 1171 3491 Jupiter
1181 3418 1187 3474 l
1196 3413 1327 3490 -illud,

401 3506 546 3568 Auditum
562 3507 639 3566 saxis
653 3506 895 3582 intellectumque
910 3506 1035 3565 ferarum

401 3599 551 3674 Sensibus,
566 3598 598 3658 in
611 3609 717 3659 ventos
730 3598 830 3658 anima
844 3598 980 3658 exhalata
993 3598 1120 3660 recessit„

401 3695 447 3754 Te
461 3704 590 3753 maestae
604 3682 747 3765 volucres,
764 3692 895 3767 Orpheu,
911 3701 940 3751 te
954 3692 1041 3752 turba
1054 3692 1189 3768 serarum,

402 3788 448 3846 Te
462 3785 547 3863 rigidi
562 3784 667 3855 silices,
683 3794 734 3844 tua
747 3784 879 3843 carmina
893 3802 982 3861 saepe
996 3794 1117 3845 secum

403 3878 561 3939 Fleverunt
575 3878 685 3953 silvae,
704 3876 810 3955 positis
824 3886 853 3937 te
868 3876 1023 3937 frondibus
1038 3879 1127 3938 arbos

402 3958 506 4049 Tonsri
519 3989 635 4031 comam
649 3970 743 4045 luxit3
762 3968 889 4030 lacrimis
903 3987 1024 4047 quoque
1038 3968 1164 4031 flumina
1175 3969 1281 4032 dicunt
