3550 4859
579 592 585 606 ·
669 572 829 617 nsumoos
849 573 910 617 run
930 573 969 619 iv.
1001 588 1006 621 ;
1254 576 1317 650 ¹93¹

331 717 515 796 Praecipites
529 716 656 795 vigilate,
666 720 729 795 viri3
739 729 769 779 et
783 718 929 780 considite
944 716 1095 793 transtris3
1178 733 1181 737 ⁴

331 813 446 874 Solvite
460 813 527 872 vela
540 811 599 871 citi.
643 814 727 872 Deus
741 813 860 873 aethere
875 812 982 873 missus
996 814 1034 873 ab
1049 813 1111 878 alto
1312 880 1315 885 ,

331 907 487 967 Festinare
499 906 597 983 fugam
612 916 764 982 tortosque
779 904 909 966 incidere
924 907 1008 966 funes
1275 932 1311 971 sis

332 1002 412 1060 Ecce
427 1000 532 1060 iterum
547 998 683 1058 stimulat
728 998 885 1075 Sequimur
899 1009 937 1072 te,
953 1008 1056 1060 sancte
1070 998 1203 1072 deorum,

331 1092 476 1170 Quisquis
491 1112 531 1166 es,
548 1091 732 1168 imperioque
746 1090 854 1151 iterum
868 1111 1006 1169 patemus
1019 1103 1150 1154 ovantes.

331 1186 425 1246 Adsis
439 1205 459 1245 o
473 1185 665 1262 placidusque
677 1186 772 1261 juves,
787 1194 817 1244 et
832 1184 930 1245 sidera
942 1187 1030 1247 coelo

332 1281 448 1339 Dextra
461 1280 543 1338 seras.
588 1276 679 1351 Dixit,
694 1276 859 1354 vaginaque
874 1277 961 1355 eripit
974 1297 1076 1339 ensem
1311 1340 1312 1345 ,

332 1371 531 1445 Fulmineum,
548 1371 709 1447 strictoque
724 1371 790 1430 serit
802 1369 966 1431 retinacula
979 1372 1063 1431 ferro.
1252 1436 1255 1439 y
1275 1389 1313 1439 5⁸0

331 1466 420 1525 Idem
436 1464 533 1525 omnis
547 1463 634 1524 simul
648 1464 735 1523 ardor
748 1464 848 1536 habet,
863 1463 1041 1540 rapiuntque
1055 1475 1202 1544 ruuntque
1214 1484 1223 1538 ;
1241 1528 1244 1535 ,

331 1559 436 1619 Litora
449 1559 626 1633 deseruere;
646 1558 719 1617 latet
733 1556 788 1616 sub
802 1555 946 1617 classibus
960 1576 1091 1634 aequor,

276 1716 282 1726 ,
330 1651 444 1712 Adnixi
458 1661 597 1728 torquent
611 1669 731 1727 spumas
745 1660 776 1709 et
790 1651 908 1710 caerula
922 1660 1048 1710 verrunt.

373 1747 413 1805 Et
422 1746 485 1825 jam
499 1744 594 1821 prima
608 1763 687 1804 novo
703 1745 859 1821 spargebat
873 1743 985 1803 lumine
1000 1754 1092 1804 terras

331 1837 457 1898 Tithoni
471 1849 610 1898 croceum
624 1838 763 1913 linquens
779 1839 894 1896 Aurora
907 1836 1013 1915 cubile.

332 1931 450 2008 Regina
464 1951 481 1991 e
495 1929 623 2007 speculis
637 1942 670 1991 ut
683 1930 811 2008 primum
826 1931 976 1991 albescere
990 1930 1088 1990 lucem

295 2060 300 2067 -
331 2026 419 2085 Vidit
433 2034 463 2085 et
477 2024 610 2101 aequatis
624 2025 749 2084 classem
763 2024 924 2101 procedere
938 2022 1020 2098 velis,

332 2118 496 2195 Litoraque
509 2129 542 2177 et
554 2136 665 2182 vacuos
679 2118 772 2177 sensit
787 2118 850 2177 sine
864 2116 974 2194 remige
988 2128 1101 2195 portus

330 2214 452 2287 Terque
468 2222 630 2288 quaterque
646 2230 735 2271 manu
750 2221 853 2288 pectus
867 2229 1007 2287 percussa
1021 2210 1162 2270 decorum

260 2300 262 2307 ’
331 2305 552 2381 Flaventesque
566 2303 698 2364 abscissa
711 2324 821 2378 comas,
838 2307 897 2364 Pro
909 2302 1064 2381 Juppiterl
1085 2303 1140 2364 ibit
1275 2332 1313 2369 ,φ

332 2396 406 2471 Hic,
421 2396 471 2471 ait,
485 2408 517 2457 et
531 2398 640 2457 nostris
654 2396 777 2457 illuserit
791 2398 908 2457 advena
921 2396 1038 2475 regnis?

331 2492 362 2548 N
364 2509 404 2549 on
421 2510 502 2551 arma
516 2490 684 2569 expedient,
699 2500 822 2567 totaque
836 2510 874 2550 ex
887 2491 961 2551 urbe
975 2500 1143 2568 sequentur,

331 2583 550 2661 Deripientque
563 2595 640 2644 rates
654 2583 704 2643 alii
718 2583 894 2643 navalibus?
934 2586 989 2657 Ite,

331 2678 420 2737 Ferte
434 2676 486 2737 citi
499 2677 643 2750 flammas,
659 2677 728 2736 date
743 2677 810 2747 tela,
825 2675 970 2753 impellite
984 2695 1081 2737 remos
1092 2681 1149 2736 l—

330 2770 413 2844 Quid
425 2772 548 2847 loquor?
562 2769 763 2830 autubisum?
784 2770 872 2843 Quae
880 2780 1012 2831 mentem
1020 2769 1135 2830 insania
1142 2771 1255 2830 mutat?
1274 2798 1311 2837 ⁵05

331 2863 441 2923 Infelix
452 2863 552 2924 Dido!
574 2882 654 2922 nunc
668 2872 698 2922 te
708 2863 787 2922 facta
800 2861 893 2939 impia
908 2865 1051 2939 tangunt?

331 2958 409 3015 Tum
424 2955 533 3030 decuit,
549 2975 640 3032 quum
655 2967 772 3033 sceptra
784 2956 886 3016 dabas.
896 2958 993 3015 —En
1008 2957 1112 3017 dextra
1124 2956 1274 3033 fidesque,
1297 3022 1300 3028 ,

240 3084 242 3088 -
331 3049 431 3123 Quem
446 3069 548 3110 secum
563 3048 674 3126 patrios
687 3048 771 3108 aiunt
782 3060 902 3126 portare
917 3051 1055 3123 Penates,

332 3143 432 3216 Quem
447 3142 571 3202 subiisse
585 3141 715 3201 humeris
728 3143 898 3202 confectum
913 3151 1177 3219 aetateparentem
1188 3147 1195 3204 l
1205 3178 1245 3187 -

332 3236 401 3296 Non
416 3235 501 3313 potui
516 3237 670 3312 abreptum
685 3234 826 3295 divellere
839 3254 948 3313 corpus
964 3248 994 3295 et
1006 3235 1095 3295 undis
1275 3256 1313 3308 ⁶20

332 3331 495 3407 Spargere?
516 3347 577 3388 non
592 3320 777 3403 socios‚¹no'b
792 3327 891 3406 ipsum
906 3330 1061 3389 absumere
1076 3328 1152 3389 ferro

331 3421 505 3494 Ascanium,
521 3420 682 3498 patriisque
697 3422 878 3498 epulandum
893 3409 1005 3499 ponere
1019 3419 1130 3482 mensis
1139 3424 1199 3482 3-

331 3516 443 3575 Vemm
457 3533 569 3592 anceps
583 3534 700 3591 pugnae
714 3515 809 3575 fuerat
821 3516 947 3576 fortuna
959 3514 1125 3576 —Fuisset
1136 3536 1145 3590 3

330 3608 430 3681 Quem
445 3606 538 3667 metui
551 3606 711 3667 moritura?
752 3610 846 3667 Faces
854 3606 891 3680 ,in
905 3618 1002 3667 castra
1013 3606 1158 3681 tulissem,
1288 3672 1291 3679 ,

335 3699 569 3777 implessemque
584 3701 664 3761 soros
677 3699 814 3775 flammis,
830 3710 992 3777 natumque
1006 3711 1179 3778 patremque
1275 3719 1311 3768 ως

337 3794 409 3852 Cum
423 3812 531 3870 genere
546 3793 720 3868 exstinxem,
735 3804 846 3854 memet
859 3813 949 3871 super
962 3793 1200 3871 ipsaidedissem
1210 3827 1251 3838 -—
1288 3861 1291 3865 .

334 3886 391 3960 Sol,
406 3885 614 3963 qui-terrarum
628 3887 754 3946 flammis
768 3906 861 3965 opera
873 3886 976 3948 omnia
990 3884 1105 3961 lustras,

336 3980 438 4056 Tuque
449 3980 554 4043 harum
568 3980 910 4058 interprescurarumet
922 3979 1045 4063 conscia
1056 3982 1146 4065 Juuo,

454 4091 456 4094 .
533 4086 557 4123 ,3
