3550 4859
633 545 841 593 summoneri.
861 546 922 592 sss.
945 534 1003 591 rr.'
1259 549 1298 611 ³3

319 693 457 771 Occupat
470 709 614 766 aversum,
629 710 690 752 neu
704 710 794 753 sueva
805 702 974 770 retorqueat
987 711 1048 768 ors,

319 785 518 865 Squarnigeris
529 784 636 846 aridos
647 785 712 862 figit
725 784 888 847 cervicibus
901 804 1015 864 ungues
1025 808 1035 863 3

322 880 372 942 Sic
386 880 475 941 celeri
488 879 595 941 mimus
609 897 753 956 praeceps
766 897 820 956 per
832 878 922 940 insse
935 881 1038 941 volatu
1131 894 1133 898 ⁴

319 975 416 1051 Terga
429 975 508 1034 serae
521 971 636 1050 pressit,
652 972 818 1048 dextroque
831 972 984 1034 fremetis
997 973 1029 1033 in
1043 990 1126 1035 mmo

319 1067 480 1129 Inachides
494 1067 602 1126 ferrum
616 1084 707 1125 curvo
721 1076 809 1126 teum
821 1065 939 1127 abdidit
951 1067 1050 1128 humo.
1259 1090 1299 1132 μ

318 1162 451 1220 Vulnere
465 1161 546 1219 laesa
558 1158 639 1236 gravi
653 1159 746 1219 modo
759 1177 792 1219 se
807 1158 941 1220 sublimis
955 1158 986 1219 in
1000 1178 1087 1221 suras

318 1253 446 1327 Attollit,
462 1253 554 1312 modo
568 1253 671 1313 subdit
680 1251 779 1329 aquis,
793 1253 886 1315 modo
900 1270 982 1313 more
995 1251 1103 1314 ferocis

317 1347 427 1407 Versat
440 1345 511 1423 apri,
527 1365 618 1423 quern
630 1347 717 1407 turba
730 1363 839 1405 eanum
852 1343 1040 1407 circumsona
1052 1353 1149 1407 terret.
1267 1395 1271 1404 .

318 1441 376 1502 Ille
390 1439 494 1499 avidos
508 1457 623 1499 morsus
635 1437 790 1500 velocibus
802 1439 906 1518 effirgit
919 1438 982 1514 alis,

318 1534 446 1610 Quaque
460 1543 573 1610 patent,
588 1551 668 1592 nunc
682 1541 764 1608 terge
775 1532 858 1592 caris
871 1551 960 1610 snper
972 1532 1071 1594 obsita
1083 1532 1217 1609 conchis,
1258 1556 1297 1600 m

320 1628 411 1686 Nunc
425 1627 548 1686 laterum
562 1635 669 1699 costas,
683 1625 1024 1701 nuucqustenuimima
1036 1627 1135 1687 cauda
1389 1656 1392 1660 ·

319 1718 437 1780 Desinit
451 1718 482 1777 in
496 1717 619 1796 piscem,
633 1719 742 1778 falcato
754 1719 891 1779 verberat
904 1737 985 1780 ense.

318 1814 422 1873 Bellus
435 1811 563 1889 puniceo
578 1810 686 1882 mixtos
700 1830 769 1871 eum
783 1812 926 1889 sunguine
939 1812 1049 1874 fluctus

318 1907 379 1968 Ore
393 1905 495 1967 vomit
538 1905 685 1964 Maduere
698 1923 802 1981 graves
814 1905 992 1985 adspergine
1005 1924 1143 1984 pennae3

318 2001 385 2060 Nec
399 1997 510 2060 bibulis
523 1999 602 2058 ultra
614 2000 739 2058 Perseus
752 1997 894 2059 maribus
907 2016 996 2060 sums

318 2093 457 2166 Credere,
472 2089 628 2168 conspexit
641 2091 808 2168 scopulum,
824 2091 876 2168 qui
889 2091 1000 2153 vertice
1014 2112 1132 2154 summo
1174 2170 1177 2179 Ι

318 2184 469 2247 Stantibus
483 2195 579 2245 exstat
592 2183 686 2261 aquis,
702 2183 833 2261 operitur
847 2186 886 2245 ab
901 2203 1031 2262 aequore
1045 2198 1150 2248 moto:

319 2279 415 2340 Nixus
428 2297 466 2339 eo
479 2277 619 2355 rupisque
632 2283 739 2339 'tenens
749 2278 822 2356 juga
833 2277 931 2355 prim
944 2279 1069 2355 sinistra,

317 2374 377 2433 Ter
391 2382 495 2449 quater
509 2370 606 2448 exegit
619 2371 745 2448 repetita
757 2390 812 2448 per
823 2370 875 2432 ilis
886 2373 1005 2434 femine

318 2464 420 2526 Litora
433 2483 501 2524 cum
515 2464 621 2541 plausu
634 2465 747 2524 clamor
759 2483 942 2543 superasque
956 2466 1079 2528 deorum

318 2559 485 2636 Implevere
499 2557 624 2618 domos:
643 2558 774 2636 gaudent
786 2576 989 2638 generumque
1003 2562 1140 2634 salutant,
1201 2560 1203 2566 '

318 2651 527 2727 Auxiliumque
541 2651 649 2711 domus
663 2661 903 2730 servatoremque
918 2655 1047 2714 iuterim

261 2745 274 2768 '
319 2744 465 2822 Cassiope
480 2744 678 2822 Cepheusque
692 2754 784 2821 pater.
829 2747 977 2806 Resoluta
989 2745 1101 2807 eatenis

319 2837 438 2899 Incedit
450 2836 542 2915 virgo,
556 2837 742 2915 pretiumque
757 2846 790 2898 et
802 2855 894 2899 mursa
906 2838 1023 2900 laboris

319 2933 390 3010 Ipse
403 2950 509 2991 manus
522 2931 628 2991 hausta
641 2930 777 2992 victrices
791 2931 885 2993 abluit
898 2933 999 3007 uuda;

318 3024 570 3102 Anguiserumque
583 3034 675 3102 caput
688 3025 772 3086 nuda
785 3044 825 3086 ne
838 3025 940 3087 laedet
952 3044 1050 3098 arene

319 3117 422 3179 Mollit
435 3117 558 3177 humum
573 3117 651 3178 soliis
665 3129 812 3197 natasque
825 3120 882 3180 sub
896 3138 1025 3196 aequore
1038 3117 1134 3198 virgus

318 3211 436 3287 Sternit,
451 3222 481 3272 et
495 3211 622 3289 imponit
638 3213 843 3291 Phorcynidos
857 3231 911 3274 ors
924 3214 1078 3273 Medusae

317 3306 411 3383 Virga
420 3322 524 3366 recens
537 3303 700 3383 bibulaque
715 3305 878 3367 etiamnum
891 3306 960 3367 vivs
972 3305 1103 3366 medulla

318 3397 389 3458 Vim
403 3397 499 3476 rapuit
512 3397 647 3473 monstri,
663 3408 805 3476 tactuque
819 3397 951 3460 induruit
964 3398 1060 3478 hujus,

319 3490 516 3568 Percepitque
529 3508 643 3552 novum
656 3491 744 3552 ramis
758 3502 790 3552 et
802 3492 908 3553 fronde
921 3491 1057 3569 rigorem

320 3587 361 3645 At
374 3583 472 3662 pelagi
487 3585 647 3663 Nymphae
661 3584 772 3644 fectum
786 3583 921 3645 nurabile
934 3595 1050 3645 tentant

319 3679 457 3739 Pluribus
470 3676 502 3737 in
516 3677 615 3756 virgis,
629 3688 662 3738 et
674 3677 755 3738 idern
769 3677 942 3756 contingere
954 3679 1094 3755 gaudent,

318 3770 499 3847 Seminaque
513 3790 551 3831 ex
564 3771 622 3831 illis
636 3770 744 3830 iterant
760 3770 874 3850 jactata
886 3788 940 3848 per
951 3771 1055 3831 undas

319 3866 410 3925 Nunc
424 3883 546 3941 quoque
558 3862 678 3924 mraliis
691 3863 798 3923 eudem
811 3873 917 3924 usturs
929 3862 1078 3939 mmsnut,

320 3956 468 4019 Duritiam
482 3966 563 4018 tacto
577 3955 697 4034 capiam
711 3966 745 4016 ut
759 3956 799 4017 ab
811 3962 888 4032 abre,
903 3957 1047 4034 quodque
