3550 4859
400 563 438 616 24
733 558 759 605 r.
780 560 881 605 ovmu
904 560 1039 606 ussonia

398 703 552 783 Cingitur3
571 704 719 767 interdum
732 707 823 784 longa
836 706 920 767 trabe
934 706 1041 767 rectior
1053 714 1169 781 exstat3

397 801 515 877 Impete
530 818 609 860 nunc
623 810 718 875 vasto,
733 818 789 860 ceu
803 799 940 880 concitus
951 799 1095 860 imbribus
1108 797 1205 860 amnis

397 894 509 967 Fertur,
525 902 556 953 et
569 894 724 953 obstantes
737 895 892 971 proturbat
904 904 1027 969 pectore
1041 892 1137 952 silvas

397 985 487 1047 Cedit
501 985 686 1062 Agenorides
699 987 840 1063 paullum,
856 986 1013 1063 spolioque
1027 983 1124 1046 leonis

396 1077 527 1139 Sustinet
541 1078 683 1152 incursus,
697 1078 899 1155 instantiaque
912 1097 966 1139 ora
977 1079 1108 1139 retardat

397 1170 531 1248 Cuspide
545 1181 705 1248 praetenta
734 1206 736 1210 ι
750 1171 834 1231 Furit
848 1171 906 1245 ille,
921 1182 952 1232 et
966 1171 1066 1231 inania
1080 1171 1155 1232 duro
1221 1215 1223 1220 -

396 1266 529 1324 Vulnera
542 1265 594 1324 dat
607 1265 692 1339 ferro,
706 1263 829 1341 figitque
843 1264 874 1323 in
889 1264 1026 1324 acumine
1040 1266 1154 1325 dentes

394 1360 523 1435 Jamque
537 1358 708 1418 venenifero
722 1357 842 1435 sanguis
855 1376 977 1418 manare
991 1358 1093 1435 palato

397 1453 554 1529 Coeperat,
570 1461 600 1511 et
613 1450 723 1511 virides
737 1450 913 1529 adspergine
927 1450 1054 1511 tinxerat
1068 1449 1196 1524 herbas3

396 1546 455 1606 Sed
470 1546 535 1605 leve
549 1545 656 1604 vulnus
670 1554 741 1618 erat,
757 1543 828 1621 quia
841 1562 873 1604 se
886 1544 1056 1604 retrahebat
1069 1545 1108 1603 ab
1122 1542 1183 1603 ictu

397 1640 552 1715 Laesaque
566 1638 645 1697 colla
658 1637 750 1697 dabat
763 1647 851 1710 retro,
867 1638 1047 1714 plagamque
1060 1636 1165 1696 sedere

397 1731 544 1791 Cedendo
559 1732 679 1791 arcebat
692 1748 749 1790 nec
762 1730 881 1808 longius
894 1728 938 1790 ire
951 1727 1086 1790 sinebat:

397 1825 504 1884 Donec
519 1823 705 1902 Agenorides
719 1823 890 1899 conjectum
904 1821 935 1882 in
949 1832 1065 1899 gutture
1080 1820 1190 1881 ferrum

396 1918 502 1993 Usque
517 1936 647 1995 sequens
660 1914 775 1994 pressit,
791 1912 864 1975 dum
877 1926 956 1976 retro
970 1933 1097 1992 quercus
1111 1913 1193 1975 eunti

397 2008 529 2083 Obstitit,
545 2021 575 2071 et
589 2011 649 2070 fixa
662 2020 707 2070 est
720 2008 829 2087 pariter
842 2027 912 2070 cum
925 2009 1033 2069 robore
1045 2006 1153 2068 oerrirc

397 2102 533 2163 Pondere
548 2102 694 2181 serpentis
707 2112 828 2164 curvata
842 2111 887 2162 est
901 2102 996 2175 arbor,
1011 2110 1042 2161 et
1056 2099 1134 2161 imae

397 2197 483 2255 Parte
497 2196 637 2274 flagellari
651 2194 765 2274 gemuit
778 2213 832 2255 sua
844 2195 954 2256 robora
966 2194 1088 2255 caudae

397 2290 478 2349 Dum
493 2288 620 2366 spatium
634 2289 732 2350 victor
743 2287 815 2349 victi
828 2287 998 2349 considerat
1010 2286 1114 2361 hostis,
1349 2314 1375 2353 95

395 2384 465 2442 Vox
479 2381 577 2442 subito
591 2379 693 2443 audita
707 2393 770 2443 est:
790 2400 888 2459 neque
903 2392 966 2442 erat
978 2399 1160 2459 cognoscere
1174 2379 1333 2458 promtum,

396 2476 508 2550 Unde3
528 2475 582 2535 sed
596 2475 699 2535 audita
712 2486 777 2536 est:
797 2473 887 2551 Quid,
903 2476 1044 2551 Agenore
1056 2483 1133 2547 nate,
1149 2485 1315 2551 peremtum

395 2571 569 2645 Serpentem
584 2571 722 2645 spectas?
764 2571 803 2629 Et
817 2577 849 2628 tu
864 2569 1037 2645 spectabere
1052 2586 1181 2644 serpens

397 2662 461 2736 Ille,
477 2660 528 2721 diu
541 2660 676 2738 pavidus,
692 2661 802 2738 pariter
814 2679 884 2721 cum
898 2670 999 2721 mente
1012 2661 1144 2721 colorem

315 2767 317 2770 ·
397 2753 576 2827 Perdiderat,
591 2753 752 2831 gelidoque
765 2772 873 2815 comae
887 2764 997 2815 terrore
1011 2752 1153 2831 rigebant

398 2850 485 2920 Fcce,
500 2847 553 2906 viri
567 2846 682 2921 fautrix,
698 2866 820 2924 superas
834 2847 958 2925 delapsa
970 2865 1024 2924 per
1037 2865 1124 2906 auras

398 2938 495 2997 Pallas
509 2938 602 3011 adest,
617 2933 778 3015 motaeque
789 2940 876 3014 jubet
890 2942 1059 3015 supponere
1073 2948 1168 2998 terrae

396 3029 541 3107 Vipereos
555 3030 669 3105 dentes,
684 3029 789 3107 populi
803 3029 988 3091 incrementa
1000 3028 1098 3091 futuri.

397 3124 484 3183 Paret
499 3134 537 3197 et,
552 3134 585 3184 ut
598 3142 705 3201 presso¹
715 3124 831 3184 sulcum
845 3122 986 3200 patefecit
1000 3133 1107 3197 mutto,

396 3215 512 3293 Spargit
526 3216 609 3275 humi
619 3218 728 3295 jussos,
743 3215 881 3277 mortalia
894 3216 1018 3291 semina,
1033 3216 1147 3278 dentes.
1340 3244 1375 3283 ως

398 3309 484 3383 Inde,
499 3309 558 3369 fide
573 3311 677 3385 majus,
692 3310 799 3387 glebae
812 3327 940 3386 coepere
954 3309 1077 3384 moveri,

398 3400 555 3478 Primaque
570 3402 609 3462 de
623 3402 712 3463 sulcis
727 3402 806 3464 acies
820 3402 958 3481 apparuit
970 3402 1083 3477 hastae,

397 3494 544 3571 Tegmina
558 3514 628 3555 mox
642 3494 774 3573 capitum
787 3495 870 3573 picto
883 3495 1021 3556 nutantia
1033 3514 1132 3571 cono;

272 3651 282 3667 .
399 3589 476 3647 Mox
488 3588 604 3648 humeri
619 3600 782 3665 pectusque
797 3599 979 3667 onerataque
992 3588 1115 3650 brachia
1127 3588 1195 3650 telis

399 3680 560 3754 Exsistunt,
575 3680 740 3757 crescitque
754 3701 839 3759 seges
853 3683 989 3760 clypeata
1001 3681 1138 3743 virorum

398 3773 455 3848 Sic,
470 3773 522 3831 ubi
537 3774 680 3834 tolluntur
692 3773 774 3835 iestis
789 3776 894 3835 aulaea
908 3765 1037 3849 theatris,

398 3867 521 3943 Surgere
536 3865 619 3943 signa
633 3868 738 3941 solent,
753 3866 942 3944 primumque¹
956 3868 1115 3928 ostendere
1128 3869 1226 3930 vultus

400 3960 508 4019 Cetera
521 3957 683 4037 paullatim,
698 3958 878 4038 placidoque
892 3961 1001 4024 educta
1014 3971 1118 4024 tenore
