3550 4859
453 570 513 625 ²¹4
770 567 796 611 ι’.
815 566 949 612 vrnorru
971 565 1114 611 uanonrs

453 708 593 791 Conjicit,
609 724 639 773 et
652 712 819 788 faciemque
832 712 908 774 deae
921 720 1096 787 vestemque
1109 708 1232 785 reponit
1236 728 1246 783 ;

453 806 501 867 Fit
517 809 619 879 Beroe,
638 805 750 865 Tmarii
764 805 874 883 conjux
888 805 1034 882 longaeva
1048 802 1179 879 Dorycli,

451 900 510 961 Cui
524 920 618 977 genus
632 909 662 959 et
676 899 828 975 quondam
843 916 956 958 nomen
969 896 1091 972 natique
1105 896 1251 970 fuissent;

437 996 500 1052 Ac
514 992 557 1052 sic
573 991 779 1052 Dardanidum
794 991 925 1051 medium
939 1010 972 1051 se
987 990 1128 1057 matribus
1143 989 1248 1050 infert:

452 1086 481 1145 0
497 1085 630 1158 miserae,
647 1104 721 1160 quas
736 1103 795 1145 non
812 1102 926 1156 manus,
941 1081 1046 1158 inquit,
1061 1081 1194 1142 Achaica
1208 1082 1290 1143 bello

452 1178 587 1238 Traxerit
600 1179 638 1237 ad
654 1179 745 1240 letum
760 1176 871 1253 patriae
885 1177 941 1238 sub
956 1176 1131 1237 moenibus!
1154 1177 1182 1237 Ο
1196 1193 1270 1253 gens

439 1272 569 1344 infelix,
585 1270 632 1330 cui
647 1282 676 1330 te
691 1270 781 1330 exitio
797 1272 928 1330 Fortuna
942 1271 1091 1330 reservat?
1409 1330 1411 1332 ,

452 1364 587 1441 Septima
600 1375 670 1440 post
683 1364 793 1441 Trojae
806 1361 972 1422 exscidium
984 1363 1048 1441 jam
1063 1361 1182 1422 vertitur
1196 1371 1314 1435 aestas,⁴
1415 1369 1418 1372 “

452 1456 555 1530 Quum
569 1456 652 1529 freta,
668 1473 760 1531 quum
774 1465 867 1514 terras
881 1472 997 1528 omnes,
1012 1464 1058 1516 tot
1071 1453 1223 1530 inhospita
1236 1472 1309 1515 saxa
1350 1497 1352 1501 =

452 1550 614 1625 Sideraque
630 1567 768 1608 emensae
783 1546 912 1621 ferimur,
927 1548 999 1608 dum
1013 1568 1068 1624 per
1081 1566 1161 1608 mare
1175 1564 1316 1623 magnum
1410 1574 1413 1578 <

453 1643 571 1703 ltaliam
586 1641 738 1718 sequimur
751 1640 923 1717 fugientem,
938 1653 968 1702 et
983 1642 1127 1702 volvimur
1141 1640 1237 1701 undis.

453 1736 515 1796 Hic
532 1734 633 1812 Erycis
646 1735 722 1794 fines
736 1734 972 1811 maculatque
984 1736 1094 1811 hospes
1109 1738 1256 1795 Acestes:

446 1828 529 1905 Quis
544 1826 682 1905 prohibet
696 1846 796 1887 muros
806 1828 906 1906 jacere
919 1839 950 1889 et
964 1828 1035 1889 dare
1049 1827 1164 1888 civibus
1177 1828 1303 1889 urbem?
1391 1876 1393 1882 .

452 1924 481 1983 O
496 1920 591 1998 patria
604 1931 635 1981 et
647 1920 723 1997 rapti
739 1921 993 1998 nequidquamex
1008 1923 1095 1982 hoste
1109 1923 1246 1994 Penates,

452 2016 582 2076 Nullane
595 2015 658 2090 jam
672 2016 785 2091 Trojae
796 2014 1084 2076 dioeuturmoeuia?
1125 2016 1282 2091 Nusquam

454 2110 624 2168 Hectoreos
638 2126 750 2180 amnes,
765 2108 920 2170 Xanthum
934 2118 966 2173 et
978 2106 1138 2180 Simoenta,
1153 2107 1283 2168 videbo?
1368 2161 1371 2166 .

451 2201 534 2276 Quin
549 2200 627 2277 agite
641 2212 672 2260 et
685 2218 803 2262 mecum
818 2197 960 2262 mausus
974 2200 1086 2261 exurite
1100 2219 1224 2277 puppes.

452 2296 532 2358 Nam
547 2293 619 2352 mihi
635 2295 820 2354 Cassandrae
835 2314 888 2371 per
901 2313 1041 2359 somnum
1055 2292 1131 2354 vatis
1146 2293 1245 2370 imago

452 2387 603 2446 Ardentes
618 2388 688 2447 dare
702 2388 766 2448 visa
778 2388 878 2449 laces:
899 2388 962 2448 Hic
976 2384 1108 2463 quaerite
1122 2387 1264 2466 Trojam;
1374 2421 1375 2426 κ

455 2481 517 2541 Hic
532 2482 640 2541 domus
654 2492 708 2554 est,
723 2481 828 2557 inquit,
843 2480 937 2541 vobis
979 2483 1047 2557 Jam
1062 2492 1178 2557 tempus
1192 2479 1310 2558 agites,

402 2589 405 2592 ’
453 2576 520 2634 Nec
534 2574 624 2634 tantis
638 2593 722 2634 mora
735 2573 886 2652 prodigiis.
930 2575 977 2634 En
992 2584 1119 2650 quatuor
1131 2592 1200 2634 arae

453 2669 597 2744 Neptuno
608 2690 617 2741 ;
638 2668 713 2730 deus
727 2666 791 2744 ipse
804 2668 885 2728 faces
899 2666 1093 2743 animumque
1105 2665 1261 2727 ministrat

451 2762 543 2822 Haec
556 2780 725 2822 memorans
739 2760 834 2837 prima
844 2760 997 2822 rumam
1011 2760 1040 2821 vi
1053 2760 1176 2837 corripit
1190 2759 1299 2837 ignem,

452 2855 634 2931 Sublataque
648 2855 750 2931 procul
765 2854 870 2914 dextra
882 2852 1013 2914 connixa
1026 2864 1173 2927 coruscat,

454 2950 493 3007 Et
504 2947 585 3024 jacit.
630 2950 771 3008 Arreotae
784 2957 902 3008 mentes
916 2947 1141 3025 stupefactaque
1154 2946 1247 3007 corda

453 3040 591 3099 Iliadum.
634 3040 699 3101 Hic
710 3059 771 3100 una
783 3059 801 3100 e
815 3039 923 3113 multis,
940 3058 1017 3115 quae
1032 3040 1161 3099 maxima
1174 3050 1257 3114 natu,

337 3159 340 3164 ·
453 3136 558 3211 Pyrgo,
575 3143 619 3192 tot
634 3132 743 3194 Priami
756 3143 895 3194 natorum
908 3131 989 3209 regia
1001 3132 1119 3192 nutrix:

450 3228 525 3288 Non
541 3228 635 3286 Beroe
649 3227 744 3299 vobis,
759 3245 820 3286 non
829 3226 910 3288 haee
925 3225 1083 3299 Rhoeteia,
1097 3236 1216 3299 matres,
1306 3265 1308 3270 <

453 3322 508 3379 Est
523 3319 645 3396 Dorycli
659 3320 789 3398 conjux;
806 3318 902 3383 ,divini
916 3318 1000 3395 signa
1013 3319 1131 3379 decoris

379 3416 381 3419 '
452 3413 661 3489 Ardentesque
675 3422 778 3472 notate
792 3413 901 3476 oculos
908 3433 920 3486 3
937 3412 989 3488 qui
1004 3410 1122 3489 spiritus
1135 3410 1187 3485 illi,

453 3504 514 3580 Qui
528 3506 634 3579 vultus,
649 3504 792 3582 vocisque
805 3522 908 3578 mnus,
923 3507 971 3564 vel
984 3523 1102 3582 gressus
1115 3505 1205 3566 eunti

453 3601 526 3675 Ipsa
539 3609 663 3675 egomet.
671 3597 784 3658 dudum
799 3600 915 3660 Rauen
928 3597 1063 3675 digressa
1075 3596 1181 3674 reliqui

452 3694 593 3769 Aegram,
607 3690 820 3767 indignantem,
835 3690 887 3751 tali
901 3691 984 3766 quod
998 3692 1063 3752 sola
1076 3699 1190 3752 careret

453 3787 590 3858 Munere,
605 3803 662 3844 nec
675 3783 796 3846 meritos
810 3783 962 3847 Ancum
976 3783 1096 3845 interret
1110 3784 1249 3845 honores

454 3879 543 3939 Haec
557 3879 652 3937 effata

454 3974 497 4032 At
510 3982 620 4031 matres
632 3970 731 4049 primo
742 3968 899 4049 aucipites,
912 3969 1219 4049 oculisquemaligais
1374 3927 1381 4036 ,Α
1423 3997 1428 4027 ι
1476 4052 1480 4058 ¹
