3550 4859
419 999 472 1097 P.
504 997 847 1095 VIRGILII
887 1001 1243 1103 MARONIS

733 1261 923 1333 AENEIS.

779 1482 879 1520 ..4-

651 1702 655 1710 .
720 1651 880 1712 LIBER
910 1652 939 1712 I.

338 1813 440 1872 ΑΜ
452 1810 606 1890 vinanque
619 1829 705 1887 cano,
720 1813 829 1893 Trojae
843 1811 895 1891 qui
908 1813 1019 1892 primus
1033 1817 1071 1877 ab
1087 1817 1147 1879 on‘s

337 1904 467 1979 Italiam,
482 1906 544 1966 fato
557 1906 706 1983 profligas,
723 1907 896 1983 Lavinaque
909 1907 991 1968 venit

337 1997 451 2072 Litora,
466 2000 590 2059 multum
604 1998 653 2059 ille
667 2009 698 2059 et
711 2000 795 2059 terris
806 2002 934 2077 jactatus
948 2013 978 2062 et
992 2004 1052 2063 alto

335 2090 379 2150 Vi
394 2110 540 2168 superum,
556 2110 661 2151 saevae
676 2111 837 2152 memorem
848 2093 975 2169 Junonis
990 2096 1030 2155 ob
1044 2094 1125 2170 iram,

337 2186 439 2244 Multa
453 2203 571 2261 quoque
586 2195 615 2245 et
629 2186 710 2245 bello
723 2204 837 2263 passus,
853 2186 925 2246 dum
938 2188 1080 2249 conderet
1093 2190 1205 2264 urbem,
1304 2222 1315 2259 ς

336 2278 523 2355 Inferretque
538 2279 611 2339 deos
626 2278 722 2352 Latio,
736 2298 829 2355 genus
844 2280 924 2340 unde
939 2280 1076 2340 Latinum

335 2371 507 2449 Albanique
521 2382 621 2448 patres
635 2381 725 2448 atque
739 2373 816 2432 altae
830 2372 950 2433 moenia
964 2375 1086 2435 Romae.

381 2466 478 2538 Musa,
493 2464 565 2523 mihi
580 2481 699 2524 caussas
712 2483 852 2539 memora,
868 2484 929 2542 quo
943 2468 1062 2527 numine
1077 2469 1166 2542 laeso,

335 2555 458 2631 Quidve
472 2557 586 2632 dolens,
601 2556 703 2634 regina
715 2557 805 2617 deum
819 2568 864 2618 tot
878 2560 996 2619 volvere
1010 2579 1095 2620 casus

337 2649 490 2727 Insignem
504 2649 614 2728 pietate
628 2649 731 2724 virum,
747 2660 792 2711 tot
806 2652 887 2710 adire
902 2653 1019 2734 labores

337 2743 500 2821 Impulerit.
542 2745 697 2803 Tantaene
711 2744 817 2804 animis
831 2744 1010 2805 coelestibus
1024 2745 1104 2807 irae?

379 2837 460 2897 Urbs
473 2835 595 2914 antiqua
608 2836 671 2911 fuit,
686 2837 768 2914 Tyrii
783 2848 904 2898 tenuere
917 2838 1026 2913 coloni,
1134 2893 1137 2900 .

337 2932 501 3008 Karthago,
517 2930 635 2990 Italiam
648 2940 754 2991 eontra
766 2931 966 3009 Tiben'naque
980 2933 1068 3010 longe

336 3023 432 3098 Ostia,
447 3023 530 3084 dives
545 3021 638 3108 opd
650 3023 815 3100 studiisque
829 3024 989 3102 asperrima
1001 3025 1072 3086 belli
1083 3048 1092 3101 ;

335 3118 437 3191 Quam
449 3120 530 3194 Juno
542 3117 633 3178 teter
645 3119 729 3178 terris
743 3116 837 3197 magis
851 3119 990 3179 omnibus
1004 3137 1093 3180 unam
1290 3154 1312 3190 15

337 3210 512 3270 Posthabita
524 3209 651 3271 coluisse
666 3212 773 3285 Samo
766 3233 773 3245 ·
794 3210 843 3271 hic
856 3210 935 3271 illius
949 3231 1036 3286 amia,

336 3303 399 3363 Hic
413 3322 513 3364 currus
527 3302 600 3379 fuit3
619 3305 678 3364 hoc
691 3323 814 3381 regnum
828 3305 886 3365 dea
899 3305 1035 3381 gentibus
1050 3324 1122 3379 esse,

278 3395 369 3500 ‘iffi
383 3416 442 3474 qua
455 3398 516 3457 sata
529 3396 635 3470 sinant,
649 3398 712 3474 jam
726 3408 788 3457 tum
802 3396 957 3474 tenditque
971 3399 1116 3476 fovetque.

254 3437 511 3572 *rogemem
525 3490 578 3551 sed
593 3489 673 3550 enim
686 3492 820 3568 Trojano
833 3510 852 3551 a
865 3490 1007 3569 sanguine
1021 3491 1090 3552 duci

331 3573 486 3657 Audierat,
500 3583 605 3662 Tyrias
619 3584 691 3644 olim
706 3603 783 3661 quae
796 3594 922 3644 verteret
935 3602 1036 3660 arees;
1080 3622 1084 3629 -

332 3677 418 3737 Hinc
432 3677 575 3755 populum
588 3680 648 3738 late
662 3695 761 3755 regem
774 3678 915 3754 belloque
928 3679 1087 3755 superbum
1213 3704 1216 3710 ·

330 3770 498 3830 venturum
512 3769 646 3831 exscidia
660 3770 792 3848 Libyae:
812 3770 855 3830 sic
867 3772 986 3831 volvere
1001 3773 1116 3832 Parcas.

330 3863 372 3922 Id
386 3872 521 3923 metuens
534 3863 700 3941 veten‘sque
714 3881 828 3923 memor
843 3865 978 3924 Saturnia
990 3864 1070 3937 belli,

329 3953 434 4017 Prima
445 3958 526 4034 quod
541 3957 579 4018 ad
593 3957 715 4037 Trojam
728 3975 783 4034 pro
797 3955 872 4018 caris
884 3967 1015 4035 gesserat
1027 3956 1114 4035 Argis
1122 3989 1163 4002 -

532 4050 546 4092 a
