3550 4859
706 581 915 627 mmm.
937 582 996 625 uin
1017 580 1061 625 xl.

398 728 566 790 Increvisse
580 728 649 801 suis,
664 728 850 805 obscuraque
864 682 988 787 carbhsa
1000 725 1083 803 pullo

398 823 511 882 Naides
525 831 556 881 et
571 822 708 900 Dryades
721 840 888 899 passosque
902 821 1033 879 habuere
1047 817 1180 896 capillos.

398 914 537 974 Membra
551 914 654 994 jacent
667 914 784 973 diversa
798 914 881 973 locis.
925 914 1031 989 Caput,
1049 911 1162 984 Hebre‚
1173 911 1326 989 lyramque
1353 935 1378 973 so

398 1008 527 1085 Excipis,
543 1006 895 1067 et-mirum—medio
910 1004 981 1065 dum
996 1005 1105 1064 labitur
1117 1022 1214 1077 amne,

398 1101 512 1161 Flebile
526 1101 629 1161 nescio
644 1099 717 1177 quid
732 1098 864 1175 queritur
876 1098 947 1176 lyra,
963 1097 1062 1157 flebile
1076 1097 1178 1174 lingua

398 1196 565 1253 Murmurat
579 1193 732 1265 exanimis,
750 1191 937 1269 respondent
951 1190 1051 1249 flebile
1066 1190 1155 1267 ripae.

396 1289 525 1364 Jamque
539 1305 620 1346 mare
635 1286 770 1346 invectae
785 1286 896 1344 flumen
910 1284 1053 1360 populare
1068 1283 1248 1359 relinquunt,

399 1382 438 1439 Et
452 1380 683 1456 Methymnaeae
697 1379 851 1455 potiuntur
865 1376 951 1436 litore
966 1375 1057 1435 Lesbi
1069 1397 1075 1433 ε
1353 1401 1378 1440 ,ς

399 1471 461 1532 Hic
475 1472 555 1532 serus
570 1471 736 1548 expositum
751 1469 916 1548 peregrinis
930 1469 1035 1547 anguis
1050 1468 1148 1528 arenis

398 1565 443 1625 Os
457 1565 533 1641 petit
547 1574 578 1625 et
591 1583 710 1642 sparsos
724 1562 848 1623 stillanti
862 1581 928 1623 rore
943 1562 1075 1639 capillos.

397 1657 537 1716 Tandem
553 1657 693 1716 Phoebus
707 1657 792 1717 adest
806 1674 982 1732 morsusque
997 1655 1105 1714 inferre
1120 1663 1274 1730 parantem

397 1753 497 1823 Arcet,
515 1760 545 1809 et
559 1750 590 1808 in
605 1750 735 1826 lapidem
749 1749 840 1809 rictus
855 1748 1001 1826 serpentis
1015 1758 1133 1825 apertos

398 1844 556 1922 Congelat,
572 1853 602 1902 et
615 1844 743 1919 patulos,
758 1852 792 1902 ut
805 1854 898 1915 erant,
914 1842 1032 1902 indurat
1046 1842 1151 1900 hiatus.
1353 1852 1379 1893 s·

398 1937 517 1997 Umbra
532 1936 612 1996 subit
625 1946 719 1996 terras
733 1944 772 2009 et,
788 1954 865 2012 quae
879 1937 946 1995 loca
958 1934 1072 1995 viderat
1085 1944 1162 2007 ante,

398 2030 517 2089 Cuncta
530 2029 725 2106 recognoscit,
741 2046 948 2105 quaerensque
961 2046 1016 2105 per
1029 2047 1099 2086 arva
1112 2026 1230 2104 piorum

397 2122 519 2181 Invenit
535 2121 703 2200 Eurydicen
717 2121 895 2198 cupidisque
910 2121 1098 2198 amplectitur
1111 2120 1195 2180 ulnis

398 2215 461 2275 Hic
475 2215 567 2274 modo
581 2214 748 2291 conjunctis
763 2214 928 2291 spatiantur
942 2214 1079 2291 passibus
1092 2213 1191 2285 ambo,

397 2309 488 2367 Nunc
502 2307 731 2384 praecedentem
745 2306 886 2383 sequitur,
902 2325 982 2366 nunc
996 2306 1132 2383 praevius
1146 2306 1240 2365 anteit
1353 2318 1378 2367 ⁶⁵

398 2399 627 2478 Eurydicenque
641 2418 726 2459 suam
745 2401 807 2476 jam
821 2408 886 2459 tuto
903 2398 1023 2476 respicit
1038 2400 1185 2475 Orpheus.

438 2495 509 2552 Non
524 2492 645 2569 impune
659 2502 759 2552 nmen
775 2492 872 2554 scelus
885 2492 944 2551 hoc
958 2492 1030 2552 sinit
1044 2510 1113 2551 esse
1129 2493 1267 2571 Lyaeus3

397 2586 578 2661 Amissoque
592 2584 698 2645 dolens
712 2603 863 2645 sacromm
877 2594 945 2644 vate
960 2603 1089 2657 suorum,

399 2679 538 2737 Protinus
553 2679 583 2737 in
598 2677 679 2739 silvis
694 2688 804 2738 matres
819 2678 974 2738 Edonidas
988 2696 1102 2751 omnes,

398 2771 486 2845 Quae
500 2771 601 2831 videre
616 2771 708 2844 nefas,
724 2781 802 2831 torta
815 2772 916 2831 radice
931 2770 1040 2849 ligavit.
1354 2796 1379 2833 ⁷0

397 2865 519 2941 Quippe
533 2865 644 2941 pedum
658 2863 777 2942 digitos,
793 2864 824 2922 in
838 2874 983 2941 quantum
998 2873 1043 2922 est
1056 2880 1192 2939 quaeque
1206 2870 1317 2936 secuta,

397 2958 503 3017 Traxit
517 2966 547 3016 et
562 2957 592 3015 in
607 2955 734 3016 solidam
749 2958 875 3017 detrusit
889 2955 1026 3016 acumine
1040 2965 1155 3015 terram.

398 3051 503 3126 thue
517 3068 605 3109 suum
618 3048 741 3126 laqueis,
758 3068 834 3126 quos
848 3049 975 3109 callidus
989 3048 1104 3107 abdidit
1118 3067 1238 3126 auceps,

398 3144 477 3203 Crus
491 3143 542 3202 ubi
557 3142 705 3202 commisit
718 3142 847 3204 volucris
861 3143 1016 3218 sensitque
1031 3142 1134 3214 teneri,

397 3236 560 3314 Plangitur,
576 3255 611 3296 ac
625 3236 780 3312 trepidans
793 3234 952 3313 adstringit
965 3235 1085 3294 vincula
1098 3246 1200 3294 motu:
1355 3265 1379 3302 ⁷³

398 3329 458 3403 Sic,
475 3347 672 3406 quaecuuque
686 3329 753 3388 solo
766 3329 805 3388 de
819 3329 878 3387 lixa
892 3328 1065 3387 cohaeserat
1079 3329 1192 3401 harum,

397 3424 577 3482 Exsternata
592 3421 691 3500 fugam
705 3422 811 3481 frustra
826 3421 961 3481 tentabat
973 3445 982 3495 ;
1003 3421 1128 3480 atillam

397 3518 496 3575 Lenta
510 3524 594 3574 tenet
608 3515 692 3574 radix
706 3515 963 3590 exsultantemque
977 3516 1102 3593 coercet.

398 3609 543 3684 Dumque
557 3607 608 3667 ubi
623 3608 682 3667 sint
695 3607 789 3685 digiti,
805 3607 877 3666 dum
891 3625 946 3683 pes
960 3606 1021 3680 ubi,
1037 3606 1160 3682 quaerit,
1175 3613 1207 3666 et
1220 3623 1345 3683 ungues,

398 3701 541 3777 Adspicit
555 3700 586 3759 in
600 3709 710 3760 teretes
725 3700 839 3778 lignum
853 3700 1013 3759 succedere
1028 3718 1120 3773 suras,
1354 3716 1381 3756 ιο

400 3796 440 3852 Et
454 3803 562 3853 conata
576 3793 672 3853 femur
685 3792 829 3852 maerenti
843 3793 985 3869 plangere
1000 3792 1111 3864 dextra,

401 3887 526 3946 Robora
539 3886 707 3963 percussit;
726 3897 833 3963 pectus
847 3904 967 3963 quoque
981 3885 1184 3958 roborabunt,

399 3980 526 4039 Robora
539 3988 610 4040 suut
622 3979 747 4053 humeri,
762 3989 958 4056 porrectaque
971 3979 1094 4039 brachia
1105 3996 1193 4038 veros

400 4074 477 4134 Esse
491 4082 580 4151 putes
594 4090 693 4134 ramos
706 4081 738 4132 et
751 4089 813 4133 uon
826 4071 929 4132 fallare
940 4071 1085 4150 putando.
