3550 4859
643 565 851 608 mumurati.
874 564 932 607 ua
956 564 996 607 ιν.
1269 567 1306 627 33

327 712 472 788 Tempus,
489 710 692 785 Atlaveniet,
707 721 834 787 tuaque
847 709 1023 788 spoliabitur
1035 727 1111 770 auro

330 807 447 880 Arbor;
468 815 498 864 et
512 805 593 865 huuc
606 805 735 881 praedae
750 803 867 863 titulum
880 806 957 880 Jove
971 813 1058 863 natus
1072 801 1202 865 habebit.
1271 821 1309 870 su

329 899 368 956 Id
382 909 527 972 metuens,
535 897 646 957 :solidis
660 898 796 975 pomaria
808 899 954 956 clauserat
968 898 1054 955 Atlas

330 990 493 1051 Moenibus
508 1001 538 1051 et
552 1001 637 1050 vasto
652 992 775 1051 dederat
789 990 934 1050 servanda
948 989 1079 1060 draconi,

330 1086 522 1160 Arcebatque
535 1083 597 1144 siris
611 1093 750 1144 externos
763 1083 874 1143 finibus
889 1100 1001 1141 omnes

329 1176 413 1237 Huic
428 1197 557 1254 quoque,
572 1177 659 1236 Vade
674 1178 840 1254 proculae
854 1176 944 1251 longe
957 1174 1051 1250 gloria
1063 1194 1168 1249 rerum,
1201 1224 1203 1228 ,

329 1271 414 1344 Quas
428 1271 568 1344 mentiris,
583 1270 634 1345 ait,
651 1271 738 1346 louge
754 1269 809 1329 tibi
822 1268 938 1345 Jupiter
951 1267 1045 1327 absit!
1271 1288 1310 1336 sp

329 1364 461 1440 Vimque
475 1364 563 1423 minis
578 1364 670 1436 addit,
686 1362 883 1438 manibusque
898 1362 1045 1437 expellere
1060 1371 1155 1422 tentat

331 1459 533 1518 Cunctantem
547 1469 578 1517 et
591 1456 717 1534 placidis
730 1455 908 1515 miscentem
922 1454 1009 1514 fortia
1022 1453 1116 1513 dictis.

329 1549 453 1610 Viribus
468 1550 710 1627 inferior-quis
725 1549 805 1610 enirn
819 1568 873 1626 par
887 1559 966 1608 esset
979 1546 1095 1612 Atlanti

323 1642 450 1703 Viribus
459 1646 470 1703 ?
478 1679 518 1686 —
529 1647 571 1704 At
584 1643 726 1720 quoniam
740 1642 824 1720 parvi
841 1641 897 1702 tibi
911 1640 1005 1718 gratia
1018 1651 1121 1701 nostra
1134 1652 1187 1714 est,

329 1735 444 1812 Accipe
459 1741 583 1796 munusl
605 1737 654 1811 ait,
670 1738 814 1814 laevaque
829 1747 944 1814 aparte
964 1735 1110 1795 Medusae
1271 1752 1309 1801 trs
1402 1730 1405 1735 ¹

330 1830 399 1905 Ipse
414 1840 593 1890 retroversus
608 1830 775 1907 squalentia
787 1829 910 1907 protulit
924 1849 985 1889 ora.

328 1921 468 1994 Quantus
483 1934 554 1996 erat,
569 1942 657 1983 mons
671 1923 766 1983 factus
781 1925 886 1983 Atlas:
907 1942 977 1982 uam
996 1923 1090 1982 barba
1104 1939 1269 1998 comaeque

330 2016 367 2074 In
382 2013 471 2074 silvas
485 2017 616 2092 abeunt3
636 2019 707 2094 juga
722 2028 790 2076 sunt
804 2016 979 2093 humerique
994 2033 1179 2090 manusque3

328 2107 420 2182 Quod
436 2120 526 2186 caput
540 2121 608 2170 aute
623 2109 685 2184 fuit,
701 2129 818 2170 summo
833 2122 878 2170 est
894 2109 924 2168 in
939 2121 1042 2170 monte
1057 2127 1222 2184 cacumen;

327 2201 408 2261 Ossa
421 2202 496 2279 lapis
509 2204 603 2277 fiunt3
622 2213 687 2262 tum
701 2213 799 2280 partes
813 2213 917 2262 auctus
931 2202 963 2261 in
977 2222 1082 2262 omues
1272 2220 1310 2261 suo

329 2289 430 2355 Crevit
444 2294 475 2353 in
489 2294 768 2356 immensum—sic
783 2295 824 2354 Di
837 2295 980 2356 statuistis
990 2310 1071 2357 -et
1085 2315 1176 2357 omne

329 2389 407 2448 Cum
423 2398 468 2448 tot
482 2387 626 2449 sideribus
642 2391 759 2449 coelum
772 2389 917 2466 requievit
930 2389 962 2450 in
976 2389 1036 2450 illo.

370 2482 525 2542 Clauserat
539 2482 730 2559 Hippotades
744 2492 867 2542 aeterno
881 2501 998 2542 carcere
1012 2494 1127 2556 ventos,

322 2573 569 2652 -Admonitorque
585 2594 707 2652 operum
721 2577 808 2635 coelo
821 2576 1001 2636 clarissimus
1015 2578 1076 2636 alto

329 2665 449 2726 Lucifer
462 2677 543 2728 ortus
557 2679 638 2728 erat:
658 2667 764 2745 pennis
778 2668 850 2746 ligat
865 2668 914 2729 ille
928 2668 1066 2728 resumtis
1271 2683 1309 2731 ὥς

330 2761 418 2820 Parte
431 2762 471 2820 ab
484 2772 608 2837 utraque
622 2762 723 2838 pedes,
739 2762 860 2836 teloque
874 2760 1038 2837 accingitur
1057 2779 1146 2834 unco,

330 2853 369 2912 Et
384 2852 530 2929 liquidum
544 2853 633 2914 motis
646 2854 786 2913 talaribus
801 2860 868 2913 adra
880 2853 975 2913 findit

329 2945 479 3006 Gentibus
491 2946 653 3007 innumeris
667 2945 838 3023 circumque
851 2946 985 3024 infraque
999 2947 1116 3021 relictis,

327 3037 515 3115 Aethiopum
529 3041 658 3116 populos
672 3041 857 3117 Cepheaque
870 3040 1020 3117 conspicit
1033 3061 1111 3102 arva

329 3131 396 3191 Illic
410 3131 587 3192 immeritam
601 3143 751 3193 maternae
764 3134 896 3210 pendere
910 3133 1028 3210 linguae
1271 3148 1309 3196 ⁶⁷0

328 3225 546 3293 Andromedan
557 3244 672 3302 poenas
689 3225 817 3302 injustus
828 3228 956 3302 jusserat
971 3229 1136 3286 Hammon.

328 3319 429 3393 Quam
444 3316 531 3378 simul
546 3319 583 3378 ad
599 3319 687 3378 duras
700 3319 854 3395 religatam
869 3319 991 3380 brachia
1004 3330 1107 3379 cautes

327 3411 413 3471 Vidit
426 3412 620 3486 Abantiades,
628 3411 735 3471 -uisi
749 3412 833 3488 quod
850 3411 924 3472 levis
938 3431 1009 3472 aura
1022 3412 1147 3489 capillos

324 3504 476 3577 Moverat,
492 3515 521 3563 et
535 3504 653 3581 trepido
666 3506 828 3565 manabant
842 3504 1051 3578 ruminantur,

329 3597 530 3656 Marmoreum
545 3608 626 3656 ratus
639 3607 718 3656 esset
731 3616 856 3673 opus—
865 3596 954 3657 trahit
968 3597 1078 3658 inscius
1092 3597 1177 3675 ignes
1271 3616 1308 3663 ⁶75

329 3690 368 3747 Et
382 3699 491 3764 stupet,
507 3700 545 3763 et,
560 3689 641 3750 visae
654 3700 807 3766 correptus
822 3689 950 3767 imagine
963 3691 1086 3764 formae,

328 3781 428 3841 Paene
444 3800 513 3845 suas
523 3792 645 3858 quatere
659 3792 704 3842 est
717 3783 828 3842 oblitus
842 3783 873 3841 in
887 3789 955 3842 aere
969 3802 1091 3860 pennas

274 3907 279 3917 ·
328 3875 373 3933 Ut
387 3874 476 3948 stetit,
493 3876 530 3949 Ο,
544 3875 628 3950 dixit,
644 3894 706 3936 uon
720 3875 784 3935 istis
794 3876 885 3953 digua
898 3876 1020 3951 catenis,

326 3967 387 4028 Sed
401 3967 510 4045 quibus
524 3967 601 4030 inter
613 3987 647 4030 se
659 3968 762 4046 cupidi
780 3970 944 4047 iunguntur
961 3979 1105 4044 amantes,
1213 3992 1215 4021 :

530 4073 543 4111 a
