3550 4859
675 581 835 626 mim
855 580 916 626 un.
932 581 980 626 111.

340 730 456 790 Rursus
470 728 509 789 ad
523 727 655 789 oraclum
670 726 812 806 Ortygiae
826 726 1042 804 Phoebumque
1055 743 1193 790 remenso

340 824 487 882 Hortatur
500 832 585 899 pater
599 821 640 881 ire
653 818 736 894 mari,
751 820 928 897 veniamque
943 818 1075 897 precari:
1141 857 1145 862 ·

339 916 440 990 Quam
453 914 538 975 sessis
552 915 643 973 finem
656 915 744 973 rebus
758 913 851 988 serat3
870 912 952 973 uude
965 913 1100 972 laborum
1281 941 1317 980 ης

339 1010 469 1068 Tentare
483 1006 623 1068 auxilium
635 1007 758 1083 jubeat3
777 1025 838 1082 quo
851 1015 964 1066 vertere
978 1023 1088 1065 cursus.

381 1103 451 1160 Nox
465 1112 535 1175 erat,
552 1112 581 1161 et
595 1099 679 1160 terris
693 1097 833 1158 animalia
846 1117 968 1158 somnus
982 1098 1130 1159 habebat:

341 1193 461 1270 Effigies
476 1213 575 1254 sacrae
590 1191 691 1252 divum
706 1190 883 1269 Phrygiique
899 1194 1035 1264 Penates,

341 1286 425 1360 Quos
439 1306 556 1347 meeum
570 1306 588 1346 a
602 1286 692 1365 Troja
705 1284 871 1360 mediisque
885 1304 923 1344 ex
936 1283 1055 1363 ignibus
1068 1283 1149 1344 urbis

344 1378 520 1453 Extuleram,
535 1378 590 1439 visi
604 1389 672 1439 ante
687 1380 790 1439 oculos
804 1378 921 1437 adstare
932 1376 1059 1453 jacentis
1281 1403 1319 1443 ιφ

341 1472 377 1531 ln
393 1472 513 1545 somnis,
528 1473 622 1532 multo
635 1470 783 1531 manifesti
797 1469 916 1541 lumine,
931 1488 1037 1546 quase

341 1565 435 1624 Plena
448 1584 501 1641 per
515 1564 638 1624 insertas
652 1564 796 1624 fundebat
809 1564 880 1623 luna
893 1563 1055 1637 fenestras3

338 1658 417 1716 Tum
432 1657 475 1718 sic
489 1656 570 1717 affari
585 1669 615 1718 et
629 1677 712 1717 curas
726 1656 772 1716 his
786 1657 906 1717 demere
920 1654 1025 1716 dictis:

339 1751 430 1825 Quod
446 1750 501 1811 tibi
515 1752 615 1812 delato
630 1750 783 1829 Ortygiam
798 1749 929 1810 dicturus
944 1748 1056 1825 Apollo
1070 1756 1125 1822 est,

340 1843 402 1903 Hic
415 1843 504 1917 canit,
520 1855 550 1905 et
563 1854 615 1904 tua
628 1862 684 1903 nos
698 1862 736 1902 en
750 1843 828 1903 ultro
842 1842 880 1902 ad
895 1841 999 1902 limina
1010 1839 1107 1900 mittit.
1280 1867 1316 1907 us

339 1937 371 1995 N
373 1956 407 1997 os
421 1948 461 2011 te,
477 1936 630 1998 Dardania
643 1936 772 2010 incensa,
788 1947 898 2012 tuaque
911 1953 993 1994 arma
1007 1933 1110 2006 secuti,

338 2032 405 2090 Nos
420 2030 564 2090 tumidum
579 2031 634 2091 sub
648 2041 679 2090 te
693 2028 841 2106 permensi
854 2027 998 2089 classibus
1012 2045 1132 2104 aequor,

337 2124 426 2183 Idem
440 2134 580 2183 venturos
594 2124 731 2184 tollemus
745 2121 776 2182 in
790 2132 868 2182 astra
882 2132 1015 2200 nepotes,

338 2216 560 2294 Imperiumque
574 2215 639 2276 urbi
654 2214 797 2276 dabimus.
840 2216 888 2274 Tu
901 2214 1020 2275 moenia
1033 2212 1147 2289 magnis

337 2310 452 2386 Magna
465 2328 544 2387 para,
559 2310 740 2386 longumque
754 2308 840 2385 fugae
854 2328 893 2370 ne
907 2307 1007 2384 linque
1021 2306 1162 2366 laborem.
1281 2323 1318 2364 160

337 2402 504 2461 Mutandae
519 2402 613 2462 sedes,
656 2404 726 2461 Non
742 2401 816 2461 haec
830 2400 884 2460 tibi
898 2399 984 2461 litora
998 2400 1090 2460 suasit

338 2494 445 2554 Delius
459 2505 510 2555 aut
525 2496 631 2556 Cretae
642 2493 730 2575 jussit
743 2493 899 2554 considere
914 2493 1032 2571 Apollo.

338 2590 393 2648 Est
407 2589 500 2662 locus,
518 2587 697 2665 Hesperiam
711 2587 792 2649 Graii
806 2586 985 2664 cognomine
1000 2585 1111 2660 dicunt,

336 2684 431 2742 Terra
445 2681 575 2757 antiqua,
590 2692 698 2758 potens
713 2680 801 2740 armis
815 2691 904 2757 atque
919 2681 1011 2740 ubere
1023 2679 1167 2757 glaebae3

336 2774 463 2834 Oenotri
477 2775 595 2834 coluere
608 2773 682 2849 viri3
702 2791 782 2833 nunc
796 2776 874 2833 sama
887 2772 1016 2833 minores
1249 2839 1253 2847 ¹
1280 2790 1315 2838 1⁶⁵

337 2867 457 2927 Italiam
471 2868 581 2928 dixisse
595 2867 678 2929 ducis
693 2868 731 2928 de
745 2868 867 2927 nomine
880 2876 1019 2943 gentem:

337 2962 409 3021 Hae
424 2960 511 3021 nobis
525 2960 661 3038 propriae
676 2961 782 3036 sedes;
801 2962 871 3021 hinc
886 2960 1047 3020 Dardanus
1061 2968 1152 3033 ortus,

337 3053 494 3131 Iasiusque
509 3065 600 3133 pater,
615 3074 708 3131 genus
722 3073 741 3113 a
755 3073 815 3131 quo
829 3052 964 3131 principe
978 3064 1118 3113 nostrum

336 3149 432 3225 Surge
445 3167 508 3225 age,
524 3159 554 3209 et
568 3149 643 3209 haec
657 3149 752 3208 laetus
766 3148 913 3224 longaevo
927 3147 1007 3207 dicta
1020 3145 1135 3224 parenti

336 3240 432 3300 Haud
446 3240 611 3302 dubitanda
623 3242 717 3300 refer:
738 3240 903 3321 Corythum
918 3251 1067 3316 terrasque
1081 3237 1211 3317 requirat
1279 3269 1316 3309 170

335 3332 494 3394 Ausonias
539 3333 665 3394 Dictaea
678 3344 767 3411 negat
781 3332 834 3394 tibi
849 3333 986 3411 Juppiter
998 3353 1076 3394 arva

334 3425 461 3487 Talibus
475 3426 617 3487 attonitus
630 3425 700 3487 visis
714 3436 744 3487 et
757 3445 832 3487 voce
847 3427 1020 3487 deorum-

335 3519 404 3579 Nec
418 3539 508 3598 sopor
521 3520 594 3580 illud
609 3530 678 3593 erat,
695 3520 748 3580 sed
762 3539 862 3580 coram
876 3538 1037 3597 agnoscere
1051 3518 1150 3579 vultus

334 3613 518 3690 Velatasque
532 3632 633 3674 comas
647 3613 875 3690 praesentiaque
889 3631 941 3672 ora
954 3611 1097 3686 videbar3

289 3733 296 3746 ·
332 3710 415 3768 Turn
428 3709 544 3785 gelidus
558 3721 622 3770 toto
636 3711 777 3771 manabat
791 3728 916 3786 corpore
930 3710 1069 3769 sudor—
1279 3737 1315 3775 us

334 3801 474 3879 Corripio
489 3822 506 3863 e
520 3803 616 3863 stratis
630 3822 747 3880 eorpus,
762 3802 914 3880 tendoque
928 3802 1050 3879 supinas

333 3896 386 3955 Ad
401 3896 519 3955 coelum
533 3916 601 3956 cum
614 3915 689 3957 voce
703 3916 818 3968 manus,
833 3907 864 3955 et
877 3915 1001 3957 munera
1014 3895 1077 3956 libo

334 3989 518 4049 Intemerata
532 3990 614 4051 socIs
657 3989 795 4052 Perfecto
808 3990 904 4050 laetus
916 3988 1031 4051 honore

539 4096 561 4124 n
