3550 4859
399 556 456 618 154
713 553 738 597 P.
760 553 895 597 VIRGILII
916 552 1058 604 Muttonis

395 702 538 760 Vestrum
551 698 610 757 hoc
623 696 788 775 augurium
800 707 959 774 vestroque
973 698 1005 756 in
1019 697 1139 756 numine
1153 696 1244 778 Troja
1256 708 1309 759 est

307 856 317 877 .
398 792 483 854 Cedo
497 789 644 866 equidem,
660 808 725 863 nec,
740 799 817 862 nate,
832 790 886 848 tibi
902 809 1002 849 comes
1016 790 1058 848 ire
1072 807 1182 849 recuso.

438 884 561 943 Dixerat
575 883 643 955 ille;
663 892 694 941 et
711 884 773 959 jam
787 902 840 958 per
853 882 972 941 moenia
985 882 1090 941 clarior
1104 881 1182 959 ignis
1336 904 1372 944 ros

398 977 534 1049 Auditur,
549 976 731 1053 propiusque
745 986 845 1034 aestus
859 974 998 1034 incendia
1012 975 1143 1035 volvunt.
1262 997 1275 1031 ο

399 1074 479 1150 Ergo
493 1089 556 1147 age,
572 1087 639 1128 care
652 1079 745 1145 pater,
761 1068 868 1127 cervici
883 1067 1036 1143 imponere
1051 1078 1170 1127 nostrae
1184 1091 1193 1143 3

399 1166 471 1240 Ipse
485 1162 591 1221 subibo
605 1160 743 1233 humeris,
759 1179 816 1219 nec
825 1179 878 1219 me
893 1160 977 1219 labor
991 1160 1048 1219 iste
1061 1161 1197 1238 gravabit
1205 1182 1214 1235 ;

399 1256 469 1330 Quo
484 1274 532 1313 res
546 1271 674 1329 cumque
688 1254 806 1325 cadent,
822 1271 915 1311 uuum
929 1263 959 1311 et
973 1272 1131 1312 commune
1145 1253 1297 1330 periclum,

400 1351 472 1409 Una
486 1349 566 1407 salus
580 1346 727 1405 ambobus
741 1345 804 1404 erit.
848 1345 925 1403 Mihi
939 1365 1047 1422 parvus
1063 1346 1145 1406 Iulus
1339 1371 1378 1409 ,ιο

401 1442 446 1502 Sit
459 1459 569 1514 comeS,
585 1449 615 1499 et
630 1440 719 1517 longe
734 1449 832 1497 servet
845 1439 970 1517 vestigia
984 1440 1100 1514 conjux.

400 1535 473 1608 Vos,
488 1533 599 1606 famuli,
616 1551 692 1607 quae
706 1532 813 1605 dicam,
829 1533 935 1591 animis
949 1532 1092 1592 advertite
1106 1532 1219 1593 vestris.

401 1630 456 1687 Est
469 1627 542 1685 urbe
557 1625 684 1703 egressis
699 1625 829 1684 tumulus
843 1627 1047 1701 templumque
1061 1636 1209 1685 vetustum

401 1722 547 1779 Desertae
562 1718 688 1791 Cereris,
708 1719 851 1797 juxtaque
865 1717 987 1794 antiqua
1000 1737 1159 1795 cupressus

401 1812 561 1889 Religione
575 1820 692 1889 patrum
706 1812 816 1870 multos
830 1819 947 1870 servata
960 1829 1014 1887 per
1028 1829 1132 1870 annos.

402 1907 493 1964 Hanc
508 1924 544 1964 ex
558 1904 674 1963 diverso
689 1904 792 1963 sedem
805 1904 959 1963 veniemus
974 1904 1005 1961 in
1019 1922 1116 1962 unam.

364 2032 366 2036 ·
401 2000 458 2071 Tu,
473 1998 597 2075 genitor,
613 2016 687 2074 cape
702 2016 786 2057 sacra
800 2016 889 2055 manu
903 1996 1074 2073 patriosque
1090 1998 1239 2073 Penates3

402 2093 464 2164 Me,
480 2090 561 2150 bello
576 2109 592 2149 e
607 2100 690 2149 tanto
705 2090 870 2168 digressum
884 2099 915 2148 et
929 2090 1020 2149 caede
1035 2089 1154 2163 recenti,

402 2187 570 2243 Attrectare
584 2183 677 2257 nefas,
693 2183 790 2243 donec
803 2201 851 2241 me
861 2182 987 2241 flumine
1001 2181 1068 2242 vivo

402 2276 543 2336 Abluero.

443 2371 530 2428 Haec
544 2368 630 2442 fatus,
645 2368 721 2428 latos
735 2369 876 2429 humeros
890 2369 1083 2447 subjectaque
1097 2368 1175 2429 eolla

400 2464 495 2522 Veste
509 2481 599 2539 super
612 2463 742 2538 fulvique
756 2462 905 2521 insternor
917 2462 996 2538 pelle
1011 2462 1115 2535 leonis,

402 2556 597 2631 Succedoque
612 2556 695 2615 oneri
707 2578 716 2630 3
736 2555 858 2614 dextrae
872 2573 904 2613 se
919 2574 1027 2631 parvus
1042 2555 1125 2614 Iulus

401 2648 552 2725 Implicuit
566 2649 756 2725 sequiturque
771 2659 886 2724 patrem
900 2666 961 2707 non
975 2648 1113 2724 passibus
1127 2648 1229 2724 aequis
1242 2669 1252 2723 ;

401 2745 485 2802 Pone
499 2740 579 2801 subit
592 2742 708 2820 conjure
753 2740 886 2799 Ferimur
900 2759 1060 2817 peropaca
1074 2740 1226 2817 locorum3

401 2836 441 2894 Et
454 2853 511 2908 me,
527 2853 617 2910 quem
632 2834 744 2893 dudum
759 2853 819 2893 non
833 2834 894 2892 ulla
908 2833 1018 2911 injecta
1032 2833 1192 2893 movebant

401 2928 476 2988 Tela
489 2945 587 3003 neque
603 2926 730 2985 adverso
743 2924 898 3003 glomerati
913 2945 950 2984 ex
963 2926 1081 3003 agmine
1096 2924 1187 2999 Graii,

376 3047 378 3050 ·
401 3024 490 3082 Nunc
504 3040 609 3081 omnes
624 3030 735 3079 terrent
749 3038 845 3092 aurae,
861 3038 953 3078 sonus
968 3019 1077 3079 excitat
1090 3020 1188 3079 omnis
1264 3086 1266 3088 .

402 3116 585 3191 Suspensum
599 3122 629 3172 et
642 3111 751 3190 pariter
764 3112 925 3186 comitique
939 3112 1080 3187 onerique
1096 3112 1256 3173 timentem.

440 3209 567 3284 Jamque
580 3204 815 3283 propinquabam
829 3204 931 3281 portis,
947 3223 1127 3280 omnemque
1140 3206 1265 3265 videbar

401 3299 539 3359 Evasisse
553 3298 639 3371 viam,
655 3297 753 3358 subito
768 3316 835 3356 cum
850 3297 956 3356 creber
968 3298 1007 3356 ad
1021 3316 1106 3357 aures

399 3393 491 3452 Visus
506 3393 612 3451 adesse
626 3391 737 3468 pedum
751 3390 875 3463 sonitus,
890 3390 1067 3469 genitorque
1081 3410 1135 3468 per
1147 3392 1283 3451 umbram

402 3485 600 3562 Prospiciens‚
616 3486 704 3556 Nate,
719 3483 872 3556 exclamat,
888 3483 963 3559 fuge,
979 3494 1068 3558 nate;
1087 3484 1296 3561 propinquant

401 3576 552 3636 Ardentes
567 3574 680 3651 clipeos
695 3583 783 3649 atque
799 3592 867 3632 aera
881 3574 1020 3632 micantia
1034 3592 1132 3633 cerno

402 3669 465 3728 Hic
478 3668 551 3727 mihi
565 3667 667 3726 nescio
682 3666 763 3743 quod
777 3665 894 3743 trepido
908 3666 985 3724 male
999 3685 1110 3725 numen
1125 3667 1252 3727 amicum

401 3762 566 3823 Confusam
580 3758 686 3837 eripuit
700 3769 839 3819 mentem.
883 3761 1022 3834 Namque
1036 3759 1102 3818 avia
1115 3779 1204 3821 cursu

402 3857 484 3914 Dum
494 3873 605 3930 sequor
618 3862 649 3913 et
663 3862 734 3912 nota
748 3851 861 3912 excedo
874 3850 994 3929 regione
1008 3851 1128 3926 viarum,

403 3948 495 4006 Heu!
516 3945 623 4005 misero
637 3944 746 4023 conjux
760 3943 860 4004 fatone
874 3951 977 4020 erepta
992 3943 1106 4003 Creusa
