3550 4859
691 563 850 610 ΔΝΜ
870 564 930 610 ΠΙ.
952 566 993 611 Vl.
1273 576 1331 635 ¹²9

354 715 511 790 Multaque
525 710 837 789 praetereuntium
849 714 1124 774 monstraierarum
1294 733 1333 786 a,

352 806 494 870 Centauri
508 805 538 864 in
555 804 667 864 foribus
681 806 831 865 stabulant
844 806 1018 883 Sqllaeque
1033 806 1173 869 biformes

353 904 392 960 Et
406 897 663 976 centumgeminus
678 897 812 957 Briareus
826 916 862 959 ac
875 900 966 958 belua
980 902 1103 973 lernae,

352 994 548 1053 Horrendum
563 990 698 1064 stridens,
713 990 900 1067 flammisque
914 1003 1027 1053 armata
1041 994 1207 1069 Chimaera,

351 1089 508 1163 Gorgones
524 1084 737 1161 Harpyiaeque
751 1095 782 1145 et
795 1086 891 1145 forma
904 1085 1073 1163 tricorporis
1087 1090 1217 1148 umbrae.

351 1179 481 1257 Corripit
495 1178 544 1239 hic
560 1178 658 1238 subita
671 1177 804 1255 trepidus
818 1178 975 1240 formidine
990 1182 1098 1240 serrum

350 1276 479 1346 Aeneas,
496 1271 687 1348 strictamque
701 1272 796 1332 aciem
810 1271 998 1333 venientibus
1013 1275 1107 1349 offert,

353 1368 401 1440 Et,
416 1366 448 1425 ni
463 1366 553 1425 docta
565 1383 667 1424 comes
682 1376 788 1425 tenues
802 1364 866 1425 sine
881 1383 1005 1442 corpore
1019 1367 1095 1428 vitas

353 1460 526 1519 Admoneat
539 1457 663 1518 volitare
677 1476 751 1518 cava
765 1460 820 1527 sub
834 1458 963 1535 imagine
978 1460 1098 1534 formae,

351 1555 457 1625 Inuat,
474 1563 504 1612 et
517 1553 622 1612 frustra
635 1552 712 1611 serro
726 1551 893 1612 diverberet
906 1554 1033 1613 umbras.

393 1646 477 1706 Hinc
491 1645 547 1718 via,
562 1644 695 1704 Tartarei
709 1662 787 1720 quae
801 1645 857 1705 sert
871 1645 1049 1705 Acherontis
1064 1648 1102 1706 ad
1116 1647 1219 1708 undas.
1329 1632 1334 1645 ⁵

350 1740 502 1799 Turbidus
516 1738 565 1798 hic
579 1755 674 1797 caeno
688 1748 831 1814 vastaque
844 1738 985 1815 voragine
999 1758 1106 1817 gurges

351 1836 479 1893 Aestuat
493 1841 583 1908 atque
597 1849 718 1891 omnem
733 1833 850 1908 Cocyto
865 1843 978 1892 eructat
992 1851 1120 1892 arenam.

352 1926 482 1986 Portitor
495 1926 549 1985 has
562 1925 726 1984 horrendus
741 1942 834 2000 aquas
848 1936 878 1985 et
892 1926 1015 1985 flumina
1029 1935 1125 1986 servat

350 2018 493 2079 Terribili.
504 2018 641 2095 squalore
656 2018 786 2091 Charon,
802 2018 851 2077 cui
864 2018 991 2095 plurima
1005 2029 1107 2078 mento
1152 2003 1162 2025 ’

351 2111 485 2174 Canities
499 2111 611 2171 inculta
623 2112 711 2187 jacet,
727 2122 807 2171 stant
820 2111 934 2170 lumina
946 2111 1075 2184 flamma,

350 2206 495 2267 Sordidus
510 2224 546 2264 ex
560 2204 690 2263 humeris
704 2205 787 2264 nodo
801 2205 953 2281 dependet
966 2204 1099 2264 amictus.

350 2300 423 2376 Ipse
438 2310 532 2358 ratem
547 2308 638 2358 conto
653 2297 770 2374 subigit,
785 2297 919 2375 velisque
933 2297 1088 2371 ministrat,

350 2394 391 2452 Et
404 2392 568 2469 ferruginea
583 2394 737 2451 subvectat
750 2407 876 2467 corpora
889 2391 1005 2468 cymba,

341 2488 418 2563 ·Jam
433 2487 539 2558 senior,
556 2486 609 2545 sed
623 2486 715 2545 cruda
729 2486 788 2544 deo
801 2483 962 2560 viridisque
977 2493 1121 2544 senectus

351 2581 424 2639 Huc
438 2578 535 2638 omnis
549 2580 636 2637 turba
648 2577 688 2637 ad
702 2577 780 2653 ripas
794 2579 888 2638 eflusa
901 2579 1014 2652 ruebat,
1079 2602 1082 2607 ·

351 2674 465 2732 Matres
479 2683 569 2747 atque
583 2671 645 2744 viri,
661 2672 861 2747 defunctaque
875 2685 1001 2747 corpora
1013 2670 1074 2730 vita

351 2764 577 2842 Magnanimum
591 2765 724 2838 heroum,
739 2763 823 2841 pueri
837 2763 1038 2840 innuptaeque
1052 2764 1178 2841 puellae,

351 2859 548 2935 Impositique
562 2857 641 2935 rogis
653 2860 778 2934 juvenes
792 2867 861 2917 ante
875 2875 928 2917 ora
941 2868 1116 2935 parentum:

350 2952 450 3025 Quam
464 2952 558 3011 multa
571 2951 601 3009 in
616 2950 697 3010 silvis
712 2950 845 3010 autumni
859 2950 965 3027 frigore
979 2950 1076 3028 primo

352 3046 451 3121 Lapsa
464 3045 576 3104 cadunt
589 3044 667 3118 folia,
680 3053 731 3103 aut
745 3044 784 3103 ad
798 3054 905 3103 terram
919 3044 1032 3120 gurgite
1047 3044 1086 3102 ab
1100 3042 1161 3103 alto

350 3138 451 3211 Quam
466 3139 576 3197 multae
590 3128 790 3215 glomerantur
803 3155 882 3210 aves,
897 3136 949 3195 ubi
963 3137 1084 3213 frigidus
1099 3155 1194 3197 annus

348 3231 445 3289 Trans
459 3241 584 3307 pontum
598 3231 679 3307 fugat
693 3240 724 3290 et
737 3230 821 3291 terris
835 3229 967 3289 immittit
981 3229 1094 3306 apricis

350 3324 475 3383 Stabant
489 3336 606 3383 orantes
621 3323 707 3399 primi
723 3323 921 3383 transmittere
935 3342 1060 3396 cursum,

348 3416 586 3492 Tendebantque
600 3435 706 3476 manus
719 3417 801 3493 ripae
815 3416 961 3477 ulterioris
976 3434 1084 3476 amore.

348 3508 458 3568 Navita
472 3509 526 3568 sed
541 3509 630 3569 tristis
644 3528 724 3569 nunc
738 3510 796 3569 hos
809 3528 890 3570 nunc
905 3509 1013 3587 aocipit
1026 3508 1101 3583 illos,

347 3602 405 3660 Ast
419 3601 493 3660 ahos
508 3602 597 3678 longe
611 3604 766 3662 submotos
781 3612 862 3663 arcet
875 3620 973 3663 arena.

344 3695 466 3753 Aeneas
480 3693 601 3754 miratus
616 3695 696 3755 enirn
711 3705 869 3772 motusque
884 3695 1011 3755 tumultu

345 3786 415 3860 Dic,
431 3786 480 3861 ait,
496 3806 515 3846 0
529 3787 620 3864 virgo,
636 3788 708 3864 quid
722 3790 785 3849 vult
799 3805 960 3850 concursus
973 3789 1012 3848 ad
1027 3791 1169 3850 amnem?

344 3880 466 3955 Quidve
481 3891 587 3957 petunt
601 3881 740 3941 animae?
758 3883 806 3942 vel
819 3899 881 3958 qno
894 3881 1065 3941 discrimine
1078 3881 1155 3958 ripas

345 3975 418 4034 Hae
432 3972 577 4050 linquunt,
593 3974 661 4034 illae
675 3973 765 4034 remis
778 3971 857 4034 vaila
869 3973 962 4034 livida
973 3977 1113 4034 vermnt?
