3550 4859
415 946 469 1044 P.
496 942 845 1041 VIRGILII
880 939 1161 1038 MARON
1174 939 1240 1038 IS

697 1179 955 1250 GEORGICA.

775 1376 875 1415 ..4-

714 1532 876 1594 LIBER
905 1534 936 1593 Ι.

332 1697 427 1773 Qum
439 1694 528 1757 faciat
540 1695 634 1756 laetas
647 1704 772 1773 segetes,
788 1711 850 1770 quo
864 1691 960 1753 sidere
974 1701 1082 1754 terram

329 1792 469 1864 Vertere,
485 1791 656 1862 Maecenas,
670 1787 820 1864 ulmisque
834 1785 997 1863 adjungere
1011 1787 1087 1847 vites

332 1883 513 1957 Conveniat,
528 1899 606 1959 quae
619 1899 692 1941 cura
704 1882 807 1955 boum
823 1878 874 1956 qui
889 1879 985 1940 cultus
999 1878 1141 1941 habendo

330 1976 381 2037 Sit
393 1973 503 2054 pecori,
518 1973 627 2052 apibus
641 1984 754 2051 quanta
768 1971 951 2051 experientia
965 1973 1072 2049 parcis,

332 2070 541 2131 Hinccanere
556 2065 705 2145 incipiam.
747 2068 821 2140 Vos,
837 2064 1034 2126 oclarissima
1047 2065 1152 2127 mundi
1302 2094 1315 2134 ς

331 2162 473 2237 Lumina,
487 2162 639 2222 labentem
652 2160 741 2220 coelo
754 2178 831 2237 quae
846 2157 955 2218 ducitis
969 2177 1101 2235 annum;

331 2255 427 2317 Liber
440 2265 471 2315 et
483 2254 563 2315 alma
576 2255 678 2327 Ceres,
692 2262 792 2313 vestro
806 2250 833 2313 si
847 2269 970 2312 munere
983 2252 1071 2313 tellus

332 2346 504 2410 Chaoniam
517 2346 621 2425 pingui
634 2345 776 2424 glandem
789 2342 915 2405 mutavit
929 2343 1026 2419 arista,

331 2441 507 2519 Poculaque
521 2438 650 2500 inventis
664 2435 812 2500 Acheloia
825 2437 944 2498 miscuit
958 2438 1045 2514 uvis,

332 2536 375 2595 Et
387 2553 451 2608 vos,
467 2544 615 2611 agrestum
629 2530 796 2610 praesentia
809 2530 940 2606 numina,
956 2531 1061 2605 Fauni,

332 2630 422 2689 Ferte
437 2627 523 2687 simul
538 2625 693 2703 Faunique
707 2625 816 2703 pedem
831 2623 1030 2703 Dryadesque
1043 2622 1180 2701 puellae:

333 2723 463 2781 Munera
475 2730 573 2780 vestra
585 2737 669 2779 cano.
713 2721 822 2797 Tuque
836 2735 864 2791 o,
880 2716 929 2778 cui
942 2717 1039 2797 prima
1057 2717 1232 2778 frementem

333 2813 425 2874 Fudit
439 2832 549 2891 equum
564 2829 673 2889 magno
687 2812 775 2872 tellus
788 2828 930 2889 percussa
943 2807 1072 2882 tridenti,

332 2909 477 2985 Neptune
487 2927 497 2980 3
516 2915 547 2967 et
560 2906 656 2965 cultor
669 2922 834 2979 nemomm,
849 2902 898 2964 cui
916 2900 1040 2981 pinguia
1053 2902 1136 2963 Ceae

332 3002 527 3062 Tercentum
543 2996 623 3059 nivei
636 2998 764 3059 tondent
777 2998 900 3057 dumeta
909 2993 1050 3076 juvenci3
1288 3022 1312 3062 ις

332 3095 415 3170 Ipse,
430 3109 537 3153 nemus
549 3090 689 3169 linquens
702 3088 830 3169 patrium
844 3089 996 3165 saltusque
1011 3086 1130 3165 Lycaei,

332 3187 409 3258 Pan,
424 3181 526 3246 ovium
539 3193 648 3258 custos,
664 3193 716 3244 tua
729 3183 754 3244 si
768 3181 823 3242 tibi
838 3182 981 3241 Maenala
993 3199 1090 3254 curae,
1140 3250 1146 3261 Ι

332 3277 437 3351 Adsis,
452 3295 472 3337 o
486 3278 632 3354 Tegeaee,
647 3268 760 3349 iaven's,
775 3275 921 3351 oleaeque
936 3272 1073 3334 Minerva

331 3368 497 3443 Inventrix,
513 3369 643 3447 uncique
657 3387 731 3447 puer
743 3377 923 3429 monstrator
936 3365 1031 3441 aratri,

330 3465 375 3523 Et
388 3474 520 3525 teneram
533 3464 573 3523 ab
586 3460 687 3523 radice
701 3462 807 3534 serens,
823 3460 951 3533 silvane,
967 3475 1148 3538 cupressum,

330 3555 435 3634 Dique
449 3555 584 3633 deaeque
599 3573 713 3629 omnes,
729 3552 860 3615 studium
873 3552 982 3630 quibus
996 3572 1066 3613 arva
1078 3550 1162 3626 tueri,

329 3648 454 3726 Quique
468 3668 563 3710 novas
576 3648 656 3709 alitis
670 3666 733 3708 non
746 3648 809 3708 ullo
823 3645 937 3707 semine
951 3646 1057 3723 fruges,
1173 3679 1177 3688 ι

328 3741 454 3819 Quique
468 3742 541 3802 satis
555 3742 667 3819 largum
682 3741 769 3801 coelo
783 3738 938 3800 demittitis
950 3738 1096 3812 imbrem,

325 3835 441 3913 Tuque
454 3835 541 3908 adeo,
557 3853 647 3912 quem
661 3853 733 3895 mox
747 3851 825 3910 quae
838 3832 899 3893 sint
912 3831 1049 3892 habitura
1061 3831 1185 3892 deorum

327 3928 479 4002 Concilia,
494 3928 639 3989 incertum
652 3937 706 4001 est,
721 3927 849 3987 iubesne
862 3924 998 3999 inuisae,
1014 3926 1134 3996 Caesar,
1285 3947 1309 3986 ις
