3550 4859
451 572 487 629 72
765 570 790 613 P.
813 570 945 614 timoren
968 569 1112 615 Mamm

859 726 1015 766 nnnoma

452 793 531 866 Heu,
547 793 614 867 heu,
631 811 720 870 quam
733 792 837 871 pingui
850 812 951 854 maner
962 804 1009 855 est
1021 793 1095 854 mihi
1108 804 1208 856 taurus
1221 794 1254 855 iu
1267 798 1356 857 ervul
1391 825 1433 856 m

451 886 538 946 Idem
552 904 637 946 amor
649 884 771 946 exitium
784 887 887 964 pecori
901 886 1080 965 pecorisque·
1092 887 1241 965 magistra

861 1005 1014 1045 neuneu

451 1071 511 1131 His
525 1082 604 1132 certe
618 1089 716 1147 neque
731 1089 815 1131 amor
827 1089 933 1132 caussa
946 1082 1011 1145 est3
1026 1070 1076 1132 vix
1089 1071 1207 1134 ossibus
1220 1073 1351 1136 haerent

452 1164 563 1224 Nescio
578 1163 643 1241 quis
658 1174 776 1228 teneros
790 1166 894 1225 oculus
908 1164 981 1224 mihi
994 1164 1120 1226 fascinat
1132 1184 1233 1243 ugnos
1306 1195 1309 1200 ·

788 1285 791 1290 ·
860 1275 1018 1314 ennomus

451 1340 518 1415 Dic,
534 1340 641 1419 quibus
656 1340 685 1399 in
701 1339 871 1404 terris-et
883 1340 941 1402 eris
954 1340 1027 1402 mihi
1040 1359 1165 1418 maguus
1180 1341 1341 1419 Apollo-

450 1437 525 1495 Tres
538 1445 639 1512 pateat
653 1433 730 1494 coeli
744 1433 872 1511 spatium
886 1452 949 1494 non
962 1433 1090 1511 amplius
1103 1435 1196 1496 ulnas

860 1548 1013 1594 urnmcns

452 1613 518 1688 Dic,
534 1613 641 1691 quibus
656 1613 687 1672 in
701 1612 784 1676 terris
797 1612 931 1691 inscripti
944 1612 1067 1675 nomina
1080 1632 1182 1691 regum

452 1710 620 1767 Nascantur
633 1706 730 1781 flores,
746 1717 776 1768 et
790 1705 928 1785 Phyllida
940 1708 1024 1768 solus
1036 1707 1156 1768 habeto,

858 1816 1016 1856 remmon.

452 1885 522 1943 Non
537 1892 671 1942 nostrum
684 1881 827 1944 intervos
841 1892 938 1942 tantas
948 1900 1129 1961 componere
1143 1882 1218 1945 lites

332 1994 336 2005 ·
452 1978 491 2036 Et
504 1974 596 2035 vitula
610 1984 641 2035 tu
656 1974 771 2052 dignus,
787 1984 818 2035 et
831 1973 889 2050 hie,
905 1985 935 2036 et
949 1973 1082 2053 quisquis
1097 1995 1214 2038 amores

452 2069 514 2129 Aut
528 2078 640 2130 metuet
654 2068 765 2142 dulces,
781 2057 832 2128 aut
846 2066 1012 2146 experietur
1025 2087 1150 2129 amaros.

452 2160 590 2223 Claudite
602 2162 665 2240 jam
678 2160 767 2237 rivos,
782 2160 883 2239 pueri:
902 2170 949 2249 sat
962 2169 1047 2240 prata
1059 2161 1206 2224 biberunt

793 2476 989 2538 ECLOGA
1017 2476 1082 2537 1v.

863 2619 1016 2682 POLLIO.

450 2771 613 2829 Srcnrrnns
628 2768 744 2842 Musae,
758 2768 849 2846 paulo
862 2767 976 2847 majora
988 2771 1147 2828 canemus!

450 2863 522 2923 Non
536 2880 641 2922 omnes
655 2861 775 2921 arbusta
785 2862 890 2937 juvant
903 2859 1089 2937 humilesque
1101 2859 1250 2939 myrime3

450 2956 481 3015 Si
494 2953 628 3014 canimus
643 2954 738 3027 silvas,
755 2953 845 3014 silvae
860 2952 919 3014 sint
933 2955 1065 3015 Consule
1080 2954 1196 3034 dignae.

490 3046 607 3108 Ultima
621 3045 745 3109 Cumaei
759 3045 841 3107 venit
855 3047 918 3123 jam
932 3045 1070 3107 carminis
1084 3057 1186 3122 aetas,
1293 3102 1306 3127 ,
1339 3089 1343 3097 -

451 3142 581 3218 Magnus
595 3140 634 3200 ab
647 3138 764 3217 integro
778 3140 942 3200 saeclorum
956 3138 1087 3199 nascitur
1099 3141 1181 3202 ordo.

449 3234 517 3310 Jam
532 3232 608 3293 redit
622 3243 652 3293 et
665 3231 766 3310 Virgo,
781 3232 908 3293 redeunt
921 3231 1057 3293 Sannnia
1070 3252 1179 3311 regna:

449 3328 518 3402 Jam
533 3340 611 3385 nova
623 3323 780 3403 progenies
794 3326 881 3386 coelo
895 3324 1058 3386 demittitur
1071 3327 1141 3387 alto.

450 3421 498 3479 Tu
512 3419 605 3478 modo
619 3418 753 3478 nascenti
766 3435 867 3495 puero,
883 3437 945 3495 quo
958 3419 1052 3479 ferree
1063 3418 1192 3497 primum

452 3511 578 3572 Desinet
592 3530 627 3571 ac
641 3521 705 3571 toto
720 3521 818 3588 surget
831 3529 905 3588 gens
919 3529 1007 3572 auree
1019 3512 1142 3586 mundo,

452 3606 544 3664 Casta
556 3605 622 3663 save
637 3603 769 3663 Lucina:
789 3613 859 3664 tuus
874 3604 936 3681 jam
949 3614 1053 3681 regnat
1067 3606 1186 3683 Apolln
1300 3602 1302 3607 ’

451 3699 556 3773 Teque
571 3696 647 3758 adeo
662 3696 753 3756 decus
766 3696 825 3756 hoc
839 3696 912 3770 eevi,
927 3705 959 3757 te
972 3698 1114 3772 Consule,
1130 3697 1224 3773 inibit,

452 3788 558 3863 Pollio,
574 3800 604 3849 et
618 3788 760 3865 incipient
774 3787 874 3867 magni
887 3790 1049 3866 procedere
1063 3810 1200 3867 menses3

451 3883 497 3941 Te
511 3881 597 3955 duce,
612 3880 637 3941 si
651 3899 711 3957 que
723 3891 846 3942 manent
859 3880 978 3943 sceleris
990 3882 1115 3961 vestigia
1127 3883 1229 3960 noemi,

453 3973 540 4035 Irrita
553 3983 696 4054 perpetua
709 3974 825 4035 wlvent
838 3973 998 4036 {multidine
1011 3979 1111 4038 θἰπυ.
1126 4003 1129 4008 ·

1391 1464 1430 1504 ¹05
