3550 4859
739 565 898 609 marcos
919 566 977 609 rra
1000 566 1033 609 rr.
1138 623 1140 627 Α

402 710 538 770 Alterum
552 706 581 767 in
596 708 716 768 alterius
729 719 875 769 mactatos
890 710 1034 788 sanguine
1048 713 1189 773 cernam?

402 806 502 875 Arma,
517 801 580 874 viri,
595 802 670 860 ferte
684 821 785 876 arma3
804 813 893 862 vocat
906 804 957 862 lux
970 803 1074 862 ultima
1086 804 1189 864 victos

402 895 533 954 Reddite
548 913 599 968 me,
611 893 724 954 Danais
734 916 744 968 ;
764 894 852 954 sinite
865 896 1028 955 instaurata
1041 897 1168 956 revisam

402 988 524 1048 Proelia
569 988 740 1062 Numquam
753 1007 859 1047 omnes
873 988 964 1046 hodie
978 988 1137 1048 moriemur
1150 990 1244 1050 inulti.

442 1081 525 1140 Hinc
539 1081 615 1141 ferro
628 1078 769 1157 accingor
782 1100 881 1139 rursus
896 1081 1052 1157 clipeoque
1067 1081 1215 1142 sinistram

403 1174 589 1234 Insertabam
604 1182 709 1250 aptans
724 1191 831 1248 meque
846 1183 929 1232 extra
943 1183 1021 1233 tecta
1035 1174 1174 1234 ferebam.

403 1268 481 1325 Ecce
495 1277 593 1325 autem
607 1267 764 1342 complexa
776 1266 871 1342 pedes
881 1266 917 1324 in
932 1267 1032 1325 limine
1047 1270 1158 1343 conjux

402 1359 564 1431 Haerebat,
580 1377 761 1435 parvumque
776 1358 853 1435 patri
867 1359 1010 1418 tendebat
1024 1360 1142 1419 Iulum:

401 1452 431 1511 Si
445 1452 591 1529 periturus
605 1452 678 1524 abis,
694 1462 725 1511 et
739 1470 795 1510 nos
809 1469 880 1527 rape
895 1451 926 1508 in
941 1452 1041 1510 omnia
1054 1462 1172 1528 tecum3

404 1544 456 1603 Sin
471 1545 600 1620 aliquam
615 1555 753 1621 expertus
768 1544 894 1620 sumptis
908 1562 993 1619 spem
1007 1545 1094 1620 ponis
1108 1546 1139 1603 in
1154 1547 1253 1621 armis,
1270 1611 1273 1616 ,

402 1639 493 1696 Hanc
506 1637 633 1714 primum
647 1647 742 1697 tutare
757 1638 887 1697 domum.
931 1636 988 1697 Cui
1002 1656 1110 1713 parvus
1126 1640 1218 1712 Iulus,

402 1729 459 1790 Cui
473 1740 557 1807 pater
571 1741 601 1790 et
614 1732 724 1806 conjux
738 1732 891 1807 quondam
905 1740 956 1789 tua
970 1730 1051 1790 dicta
1063 1731 1235 1807 relinquor?

440 1821 526 1883 Talia
539 1824 704 1883 vociferans
718 1825 829 1902 gemitu
844 1835 954 1884 tectum
970 1842 1060 1882 omne
1074 1824 1217 1900 replebat,

400 1916 500 1990 Quum
515 1917 645 1977 subitum
660 1918 801 1993 dictuque
816 1918 907 1977 oritur
922 1916 1056 1975 mirabile
1070 1927 1244 1977 monstrum.

401 2013 538 2087 Namque
552 2030 658 2070 manus
672 2010 749 2071 inter
762 2022 1001 2088 maestorumque
1016 2030 1068 2070 ora
1081 2022 1238 2088 parentum

400 2106 479 2163 Ecce
493 2105 567 2164 levis
582 2123 698 2164 summo
713 2106 751 2164 de
766 2106 876 2165 vertice
891 2106 971 2164 visus
986 2105 1045 2164 Iuli

400 2198 535 2257 Fundere
549 2198 650 2256 lumen
664 2218 748 2275 apex,
765 2198 1038 2273 tactuque⁴inn0xia
1051 2198 1158 2257 molles

399 2291 544 2350 Lambere
559 2291 677 2349 flamma
690 2311 791 2351 comas
806 2301 836 2350 et
850 2292 961 2350 circum
975 2301 1110 2367 tempora
1124 2289 1216 2367 pasci.

398 2384 465 2441 Nos
479 2382 579 2460 pavidi
593 2382 741 2458 trepidare
756 2392 845 2456 metu,
861 2382 1033 2459 crinemque
1047 2382 1222 2459 flagrantem

399 2476 544 2534 Excutere
560 2485 589 2533 et
604 2484 723 2534 sanctos
738 2475 921 2553 restinguere
936 2476 1068 2535 fontibus
1083 2475 1174 2554 ignes.

398 2570 440 2627 At
454 2578 539 2644 pater
553 2567 700 2627 Anchises
714 2570 817 2628 oculos
832 2569 872 2628 ad
886 2569 986 2628 sidera
999 2569 1094 2628 laetus

399 2660 520 2733 Extulit,
536 2671 566 2720 et
579 2662 664 2720 coelo
678 2663 793 2738 palmas
808 2681 876 2721 curn
891 2681 965 2721 voce
979 2662 1124 2721 tetendit:

396 2752 534 2831 Juppiter
547 2753 745 2830 omnipotens,
760 2755 899 2831 precibus
914 2755 941 2814 si
955 2754 1082 2813 flecteris
1097 2752 1175 2826 ullis,

399 2846 533 2923 Adspice
548 2866 622 2921 nos,
642 2848 700 2906 hoc
715 2857 849 2921 tantum,
870 2857 908 2921 et,
925 2847 950 2906 si
964 2847 1074 2924 pietate
1089 2864 1245 2920 meremur,

398 2942 448 2999 Da
461 2940 571 2999 deinde
585 2939 733 3012 auxilium,
748 2950 841 3015 pater,
857 2950 947 3015 atque
962 2941 1036 2999 haec
1049 2941 1151 3001 omina
1164 2941 1259 3001 firma

396 3034 457 3091 Vix
470 3052 507 3092 ea
520 3034 596 3092 satus
611 3043 673 3092 erat
687 3033 794 3106 senior,
810 3031 969 3108 subitoque
983 3034 1097 3111 fragore

399 3126 535 3185 Intonuit
549 3126 673 3198 laevum,
689 3126 771 3195 etde
785 3126 871 3185 coelo
885 3128 970 3202 lapsa
982 3145 1036 3203 per
1049 3127 1169 3187 umbras

397 3219 489 3279 Stella
502 3218 598 3277 facem
612 3214 832 3277 ducens'multa
845 3237 914 3278 curn
929 3219 995 3277 luce
1009 3220 1144 3280 cucurrit

398 3312 495 3384 Illam,
512 3331 627 3371 summa
641 3330 731 3387 super
745 3312 896 3371 labentem
910 3312 1040 3371 culmina
1053 3312 1132 3387 tecti,

399 3405 556 3465 Cernimus
571 3406 664 3464 Idaea
677 3406 786 3464 claram
801 3423 832 3463 se
846 3404 976 3464 condere
990 3405 1065 3464 silva

400 3498 631 3576 Signantemque
645 3498 728 3572 vias,
750 3507 811 3556 tum
826 3498 917 3577 longo
931 3498 1024 3557 limite
1039 3498 1140 3558 sulcus

399 3592 460 3651 Dat
474 3592 579 3664 lucem,
596 3600 626 3650 et
639 3592 698 3650 late
713 3590 823 3650 circum
837 3592 905 3651 loca
918 3592 1028 3651 sulfure
1042 3592 1164 3652 fumant

306 3687 309 3691 '
399 3684 461 3744 Hic
474 3703 546 3743 vero
560 3684 654 3743 victus
668 3685 785 3763 genitor
797 3704 831 3745 se
844 3684 923 3745 tollit
937 3685 976 3744 ad
990 3704 1084 3759 auras,

399 3777 574 3854 Affaturque
589 3778 662 3837 deos
677 3788 708 3837 et
721 3789 857 3838 sanctum
872 3778 955 3838 sidus
969 3778 1091 3838 adorat:
1339 3803 1375 3841 ro·

397 3870 465 3945 Jam
484 3872 545 3946 jam
561 3871 642 3929 nulla
656 3889 739 3930 mora
753 3881 818 3945 est;
839 3890 956 3947 sequor,
972 3881 1011 3945 et,
1027 3890 1086 3948 qua
1100 3869 1216 3946 ducitis,
1231 3870 1346 3932 adsum

399 3962 439 4020 Di
453 3964 550 4040 patrii,
566 3974 680 4024 servate
695 3965 825 4039 domum,
841 3975 955 4025 servate
970 3974 1117 4042 nepotem.
