3550 4859
729 569 888 615 anemos
910 570 969 615 ua.
992 569 1037 614 111.

399 717 561 779 Deducunt
574 715 647 776 socii
661 735 752 777 naves
766 727 796 777 et
809 716 896 777 litora
910 716 1070 795 complent

400 810 592 872 Provehimur
605 821 705 887 portu,
717 820 871 887 terraeque
885 811 1032 887 urbesque
1045 807 1196 869 recedunt

399 907 487 965 Sacra
502 902 574 962 mari
587 902 694 963 colitur
707 902 807 963 medio
821 902 987 979 gratissima
1000 903 1088 961 tellus

399 996 563 1057 Nereidum
577 994 663 1054 matri
678 1005 708 1054 et
723 997 866 1072 Neptuno
880 997 1011 1072 Aegaeo,

400 1092 499 1166 Quam
513 1088 579 1166 pius
594 1088 770 1148 Arcitenens
784 1106 850 1147 oras
864 1098 895 1147 et
909 1088 994 1147 litora
1007 1086 1117 1148 circum

400 1185 554 1242 Errantem
569 1184 702 1259 Mycono
716 1200 734 1240 e
748 1181 827 1241 celsa
841 1182 999 1259 Gyaroque
1014 1179 1147 1253 revinxit,

400 1278 619 1352 Immotumque
634 1274 693 1333 coli
707 1273 790 1333 dedit
805 1284 834 1333 et
848 1284 1040 1333 contemnere
1054 1283 1167 1333 ventos.

402 1371 473 1428 Huc
488 1369 583 1441 feror;
603 1368 678 1427 haec
692 1368 785 1426 fessos
800 1376 864 1426 tuto
878 1365 1079 1443 placidissima
1092 1376 1180 1441 portu

401 1460 527 1539 Accipit.
571 1459 687 1538 Egressi
701 1477 876 1519 veneramur
891 1457 1038 1535 Apollinis
1053 1458 1163 1518 urbem.

401 1558 468 1615 Rex
483 1553 588 1627 Anius,
603 1573 654 1613 rex
669 1552 748 1611 idem
762 1549 916 1610 hominum
931 1549 1106 1627 Phoebique
1120 1549 1268 1624 sacerdos,

400 1648 491 1708 Vittis
506 1658 535 1708 et
551 1666 633 1707 sacra
646 1644 798 1705 redimitus
813 1655 948 1720 tempora
962 1645 1053 1717 lauru,

401 1742 556 1814 Occurrit;
571 1750 701 1799 veterem
716 1737 868 1798 Anchisen
883 1737 1019 1815 agnoscit
1033 1736 1168 1796 amicum.

400 1833 557 1913 Jungimus
571 1832 702 1909 hospitio
715 1823 842 1904 dextras,
858 1841 888 1890 et
903 1840 981 1891 tecta
995 1830 1133 1890 subimus.

442 1928 569 2003 Templa
582 1925 631 1985 dei
646 1944 717 1984 saxo
730 1925 893 1984 venerabar
907 1935 1017 1984 structa
1030 1933 1147 1983 vetusto
1160 1946 1166 1982 :

402 2023 452 2081 Da
465 2019 622 2097 propriam,
637 2018 833 2094 Thymbraee,
849 2018 972 2076 domum
984 2039 992 2091 ς
1013 2017 1052 2077 da
1066 2015 1185 2076 moenia
1197 2017 1283 2078 fessis

403 2116 442 2173 Et
455 2133 548 2190 genus
562 2122 592 2171 et
606 2130 775 2170 mansuram
790 2111 914 2185 urbem;
935 2130 1019 2170 serva
1033 2110 1124 2170 altera
1138 2112 1246 2190 Trojae

404 2209 556 2282 Pergama,
571 2203 709 2280 reliquias
725 2206 861 2268 Danaum
877 2213 966 2279 atque
981 2202 1101 2263 immitis
1115 2203 1233 2262 Achilli.

402 2300 502 2374 Quem
517 2297 684 2374 sequimur?
703 2315 800 2372 quove
814 2296 855 2356 ire
868 2297 976 2373 jubes?
996 2296 1047 2355 ubi
1062 2314 1174 2373 ponere
1192 2296 1298 2357 sedes?

403 2394 461 2465 Da,
476 2402 568 2469 pater,
584 2389 743 2467 augurium,
760 2400 848 2466 atque
863 2388 969 2448 animis
983 2388 1103 2449 illabere
1118 2387 1235 2448 nostris.

443 2486 502 2543 Vix
516 2504 552 2544 ea
565 2483 642 2543 fatus
655 2501 753 2542 eram:
775 2493 898 2542 tremere
913 2482 1014 2542 omnia
1027 2482 1090 2542 visa
1104 2493 1235 2560 repente,

403 2578 580 2653 Liminaque
594 2578 750 2652 laurusque
765 2575 822 2649 dei,
838 2586 977 2653 totusque
992 2575 1103 2636 moveri

404 2674 497 2732 Mons
512 2670 630 2744 circum,
646 2680 676 2729 et
690 2667 800 2745 mugire
815 2670 911 2747 adytis
925 2670 1039 2730 cortina
1052 2667 1181 2730 reclusis.

403 2764 547 2826 Submissi
560 2763 687 2841 petimus
701 2774 816 2836 terram,
832 2772 862 2821 et
876 2781 935 2821 vox
949 2764 1037 2822 fertur
1051 2763 1089 2822 ad
1104 2780 1208 2822 aures:

385 2913 388 2920 .
405 2857 595 2919 Dardanidae
609 2855 682 2929 duri,
699 2874 774 2931 quae
788 2875 842 2915 vos
856 2874 874 2915 a
888 2854 978 2932 stirpe
992 2865 1147 2932 parentum

405 2951 504 3011 Prima
518 2950 583 3010 tulit
598 2950 692 3022 tellus,
708 2949 813 3008 eadem
827 2968 880 3008 vos
895 2950 985 3008 ubere
999 2950 1078 3009 laeto

404 3042 541 3120 Accipiet
555 3043 684 3102 reduces.
730 3040 892 3116 Antiquam
907 3040 1049 3117 exquirite
1064 3051 1197 3101 matrem.

405 3136 468 3196 Hic
483 3137 589 3196 domus
604 3138 725 3194 Aeneae
740 3133 853 3193 cunctis
868 3134 1068 3194 dominabitur
1081 3133 1148 3207 oris,

405 3232 445 3288 Et
459 3227 521 3287 nati
535 3238 679 3299 natorum,
695 3237 724 3286 et
739 3225 790 3302 qui
804 3238 962 3287 nascentur
976 3228 1014 3286 ab
1028 3225 1093 3285 illis.

406 3324 495 3381 Haec
509 3321 648 3380 Phoebus
660 3342 668 3393 3
688 3319 839 3396 mixtoque
854 3320 959 3397 ingens
974 3330 1075 3379 exorta
1089 3319 1216 3378 tumultu

405 3414 541 3487 Laetitia,
558 3425 587 3473 et
602 3412 708 3485 cuncti,
725 3432 801 3489 quae
816 3411 874 3472 sint
888 3431 925 3471 ea
938 3411 1065 3486 moenia,
1082 3422 1235 3488 quaerunt,
1344 3439 1381 3469 ιω

406 3509 476 3583 Quo
491 3507 631 3565 Phoebus
646 3516 733 3565 vocet
747 3515 876 3565 errantes
889 3506 1052 3581 jubeatque
1066 3504 1192 3565 reverti?

406 3602 485 3659 Tum
499 3598 622 3677 genitor,
638 3609 769 3657 veterum
783 3597 906 3657 volvens
922 3609 1115 3659 monumenta
1127 3597 1264 3673 virorum,

405 3692 526 3766 Audite,
542 3711 561 3751 ο
575 3710 720 3768 proceres,
736 3691 785 3763 ait,
802 3699 831 3750 et
846 3709 914 3766 spes
929 3690 1033 3751 discite
1046 3701 1178 3752 vestras:

407 3788 498 3847 Creta
510 3784 594 3862 Jovis
608 3783 707 3861 magni
722 3782 823 3843 medio
835 3784 916 3860 jacet
930 3783 1025 3843 insula
1039 3795 1151 3862 pont0;

407 3880 501 3939 Mons
518 3879 627 3938 Idaeus
641 3864 700 3950 ubi,
716 3886 746 3936 et
759 3875 855 3953 gentis
870 3878 1018 3937 cunabula
1032 3888 1157 3937 nostrae.
1345 3902 1381 3942 zos

408 3971 540 4032 Centum
553 3972 641 4031 urbes
654 3969 790 4031 habitant
804 3988 937 4047 magnas,
951 3970 1098 4030 uberrima
1110 3988 1219 4048 regna3
