3550 4859
721 581 880 626 AENEIDOS
902 581 961 625 Lm.
984 581 1011 624 V.

381 725 513 805 Depulit,
529 738 559 787 et
573 725 660 786 coelo
675 728 797 787 taudem
811 727 965 788 miseratus
979 728 1018 787 ab
1033 728 1093 786 alto
1108 737 1161 786 est.

381 820 521 881 Consiliis
535 839 615 896 pare,
630 839 707 895 quae
721 839 801 880 nunc
815 821 1012 898 pulcherrima
1027 823 1143 879 Nautes

381 916 442 982 Dat
457 913 573 986 senior;
594 914 688 972 lectos
699 916 833 989 juvenes,
848 914 1008 973 fortissima
1021 914 1120 987 corda,

380 1007 473 1066 Deser
487 1006 517 1064 in
534 1005 670 1079 Italiam;
690 1025 764 1082 gens
778 1007 852 1066 dura
866 1017 955 1084 atque
969 1025 1073 1083 aspera
1087 1008 1168 1066 cultu
1320 1033 1359 1073 7³0

381 1099 569 1163 Debellanda
582 1097 637 1159 tibi
652 1098 739 1159 Latio
754 1111 805 1159 est
850 1099 930 1159 Ditis
944 1111 1042 1159 tamen
1054 1110 1127 1159 ante

381 1193 516 1251 Infernas
531 1193 640 1251 aceede
654 1192 771 1266 domos,
788 1203 819 1252 et
832 1195 952 1253 Averna
966 1212 1019 1270 per
1033 1194 1094 1252 alta

381 1286 565 1361 Congressus
579 1296 656 1361 pete,
672 1296 750 1360 nate,
767 1305 859 1346 meos
902 1288 931 1345 N
934 1305 974 1345 on
988 1305 1037 1345 me
1052 1285 1144 1362 impia
1156 1304 1287 1361 namque

379 1379 503 1448 Tartara
516 1378 628 1438 habent
642 1378 777 1439 tristesve
791 1380 921 1447 umbrae,
939 1380 991 1438 sed
1006 1397 1133 1438 amoena
1146 1378 1263 1455 piorum

380 1470 516 1531 Concilia
531 1471 722 1549 Elysiumque
736 1473 812 1533 colo.
856 1475 929 1531 Huc
943 1483 1025 1531 casta
1038 1471 1149 1548 Sibylla
1319 1499 1356 1541 ης

379 1563 537 1641 Nigrarum
552 1565 646 1623 multo
660 1565 810 1641 pecudum
824 1576 854 1625 te
868 1564 1011 1641 sanguine
1025 1565 1121 1625 ducet

378 1658 458 1716 Tum
472 1676 567 1735 genus
581 1676 670 1717 omne
685 1668 776 1731 tuum,
792 1668 822 1717 et
836 1677 913 1734 quae
928 1659 1037 1717 deutur
1049 1656 1177 1730 moenia,
1193 1658 1297 1719 disces

377 1751 505 1827 Jamque
520 1751 585 1809 vale
596 1772 613 1825 3·
626 1760 744 1825 torquet
757 1750 873 1810 medios
888 1753 959 1810 Nox
973 1750 1095 1810 humida
1109 1769 1218 1824 cursus,

379 1844 419 1913 Et
432 1862 481 1903 me
496 1862 601 1904 saevus
616 1844 700 1920 equis
715 1843 824 1904 Oriens
838 1843 949 1903 afflavit
963 1842 1085 1902 anhelis

379 1935 511 2009 Dixerat,
527 1946 557 1997 et
571 1947 675 1996 tenues
690 1936 771 2013 fugit,
786 1954 842 1996 ceu
856 1938 962 2009 fumus,
977 1935 1007 1994 in
1023 1926 1116 1995 auias

380 2031 508 2102 Aeneas,
525 2029 595 2104 Quo
609 2030 719 2089 deinde
733 2029 812 2090 mis?
832 2048 892 2106 quo
907 2028 1052 2106 proripis?
1073 2027 1177 2104 inquit,

380 2122 478 2197 Quem
492 2122 587 2200 sugis?
608 2133 659 2182 aut
673 2122 738 2199 quis
753 2133 782 2182 te
796 2122 905 2182 nostris
920 2120 1125 2197 complexibus
1140 2123 1240 2183 arcet?

380 2217 468 2276 Haec
482 2234 649 2275 memorans
663 2216 792 2276 cinerem
806 2226 837 2275 et
851 2215 966 2292 sopitos
980 2214 1102 2274 suscitat
1116 2213 1207 2290 ignes,

379 2311 632 2386 Pergameumque
649 2311 756 2368 Larem
765 2319 801 2368 ¹et
814 2327 908 2368 canae
924 2306 1086 2384 penetralia
1098 2309 1209 2367 Vestae

379 2402 404 2460 F
405 2420 469 2461 arre
483 2401 535 2479 pio
549 2412 579 2461 et
593 2402 683 2478 plena
696 2403 822 2478 supplex
835 2410 991 2461 veneratur
1005 2418 1111 2460 acerra

421 2496 580 2572 Extemplo
594 2495 692 2554 socios
706 2494 894 2571 primumque
908 2493 1030 2554 arcessit
1044 2497 1184 2567 Acesten,

380 2590 420 2648 Et
433 2587 517 2664 Jovis
531 2587 686 2664 imperium
700 2598 731 2647 et
744 2588 804 2647 cari
818 2598 978 2665 praecepta
991 2586 1121 2663 parentis

380 2681 505 2754 Edocet,
521 2691 551 2741 et
565 2700 642 2757 quae
656 2700 735 2740 nunc
750 2680 850 2740 animo
864 2680 1011 2741 sententia
1025 2688 1149 2741 constet

381 2774 475 2844 Haud
488 2792 572 2833 mora
585 2773 725 2847 consiliis,
741 2793 796 2833 nec
808 2775 892 2850 jussa
905 2784 1021 2833 recusat
1036 2776 1169 2833 Acestes

379 2867 594 2927 Transcribunt
607 2867 672 2926 urbi
686 2877 802 2940 matres,
818 2867 1021 2943 populumque
1035 2867 1185 2926 volentem

380 2960 554 3036 Deponunt,
570 2959 686 3019 aniuros
700 2959 742 3019 nil
756 2978 881 3036 magnae
895 2958 992 3019 laudis
1007 2968 1135 3035 egentes

380 3052 444 3129 Ipsi
458 3062 585 3112 transtra
598 3062 718 3125 novant,
734 3052 919 3127 flammisque
934 3054 1057 3112 ambesa
1070 3061 1219 3128 reponunt

380 3147 505 3206 Robora
518 3144 650 3222 navigiis,
667 3155 771 3221 aptant
784 3164 942 3221 remosque
956 3146 1163 3221 rudentesque,

380 3238 486 3315 Exigui
500 3257 632 3311 numero,
649 3238 702 3297 sed
716 3238 796 3297 bello
810 3237 910 3297 vivida
923 3237 1022 3297 virtus.

382 3334 503 3391 Interea
516 3334 634 3391 Aeneas
648 3333 753 3391 urbem
767 3331 903 3407 designat
916 3340 1014 3391 aratro

380 3424 564 3500 Sortiturque
579 3425 705 3497 domos;
724 3425 783 3484 hoc
798 3424 887 3482 Ilium
902 3434 932 3482 et
945 3424 1019 3484 haec
1034 3424 1101 3484 loca
1114 3414 1237 3502 Troiam

380 3519 453 3577 Esse
465 3519 559 3593 jubet.
602 3518 722 3578 (hudet
735 3536 827 3594 regno
841 3518 989 3592 Trojanus
1004 3519 1137 3591 Acestes,

379 3610 550 3687 Indicitque
564 3611 659 3669 forum
675 3621 704 3670 et
717 3610 848 3687 patribus
862 3610 915 3671 dat
925 3610 992 3689 jura
1005 3609 1127 3670 vocatis

378 3705 457 3762 Tum
472 3702 570 3763 vicina
584 3704 669 3763 astris
684 3703 811 3780 Erycino
825 3703 856 3763 in
870 3702 980 3763 vertice
994 3704 1081 3763 sedes

379 3797 404 3855 F
405 3797 533 3856 undatur
546 3796 657 3857 Veneri
672 3796 794 3869 Idaliae,
809 3797 983 3873 tumuloque
997 3795 1137 3856 sacerdos

379 3891 426 3949 Ac
439 3891 524 3950 lucus
537 3891 596 3950 late
611 3908 694 3949 sacer
708 3888 826 3949 additur
839 3888 998 3950 Anchiseo.

418 3984 546 4061 Jamque
560 3982 625 4043 dies
639 3983 759 4061 epulata
771 4000 879 4044 noveru
894 4000 967 4059 gens
981 3981 1088 4058 omnis,
1102 3992 1134 4044 et
1144 3982 1204 4064 aris
1233 4038 1236 4042 .
1261 4039 1264 4045 .
