3550 4859
712 601 718 612 '
741 588 901 638 mim
921 588 980 634 Ul
1000 589 1039 633 lv.

400 736 556 796 Incedunt
601 737 673 813 lpse
686 746 757 797 ante
770 734 847 797 elios
860 735 1075 813 pulcherrimus
1088 752 1194 795 omnes

399 830 493 890 Infert
508 848 540 889 se
555 827 669 888 socium
683 830 803 889 Aeneas
816 838 908 905 atque
921 828 1040 905 agmina
1051 827 1157 904 jungit
1243 877 1246 882 a

399 923 505 997 Qualis
518 921 570 982 ubi
584 921 740 982 hibernam
754 921 878 1000 Lyciam
892 919 1067 997 Xanthique
1080 920 1193 981 fluenta
1211 936 1214 941 ·
1269 938 1278 958 ·

399 1015 520 1077 Deserit
534 1035 570 1075 ac
586 1016 696 1075 Delum
710 1026 875 1075 maternam
889 1012 991 1074 invisit
1004 1014 1116 1090 Apollo

400 1110 611 1186 Instauratque
623 1108 741 1181 choros,
756 1106 901 1184 mixtique
915 1106 1018 1168 altaria
1031 1105 1143 1166 circum
1345 1134 1381 1173 ης

399 1204 564 1280 Cretesque
579 1204 777 1280 Dryopesque
791 1201 920 1260 fremunt
934 1199 1067 1277 pictique
1080 1196 1260 1279 Agathyrsi3

399 1297 470 1372 Ipse
481 1295 559 1375 jugis
574 1295 685 1373 Cynthi
698 1293 839 1371 graditur,
854 1294 999 1369 mollique
1012 1292 1157 1352 fluentem

399 1389 518 1449 Fronde
532 1388 639 1465 premit
651 1386 763 1453 crinem
777 1387 894 1464 fingens
908 1396 998 1462 atque
1012 1383 1145 1461 implicat
1159 1402 1252 1461 auro3

398 1481 474 1541 Tela
488 1491 595 1541 sonant
608 1479 738 1548 humeris
750 1476 858 1547 :rhaud
872 1478 924 1538 illo
939 1478 1057 1555 segnior
1070 1478 1133 1539 ibat

398 1577 519 1635 Aeneas
526 1598 536 1651 3
556 1572 673 1635 tantum
686 1572 809 1653 ‘egregio
821 1572 915 1634 decus
929 1572 1022 1632 enitet
1035 1590 1095 1631 ore
1344 1599 1380 1638 ψ

399 1670 561 1746 Postquam
575 1669 653 1729 altos
667 1678 790 1729 ventum
804 1666 836 1725 in
849 1674 969 1726 montes
984 1674 1074 1742 atque
1088 1663 1168 1724 invia
1181 1664 1283 1739 lustru,

398 1762 478 1822 Fece
492 1762 579 1836 ferae,
596 1760 663 1821 saxi
677 1761 812 1840 dejectae
826 1758 946 1831 vertice,
962 1776 1069 1835 caprae

398 1856 562 1916 Decurrere
573 1853 672 1934 jugis3
693 1852 752 1914 alia
765 1853 804 1914 de
817 1863 903 1931 parte
918 1861 1055 1929 patentes

398 1947 617 2015 Transmittunt
629 1965 718 2008 cursu
732 1953 857 2024 campos
871 1955 962 2022 atque
976 1942 1096 2021 agmina
1108 1941 1188 2005 cervi
1406 1997 1412 2009 ,

398 2041 606 2101 Pulverulenta
619 2041 689 2118 suga
701 2041 868 2117 glomerant
886 2049 1066 2115 montesque
1078 2011 1281 2131 rehnquunt]
1342 2065 1379 2105 ιω

398 2137 440 2194 At
452 2154 526 2211 puer
541 2133 687 2207 Ascanius
701 2132 808 2194 mediis
822 2133 853 2192 in
867 2131 995 2193 vallibus
1008 2128 1068 2190 acri

397 2227 517 2287 Gaudet
531 2246 622 2304 equo,
632 2228 754 2304 jamque
768 2227 825 2286 hos
838 2244 934 2299 cursu,
947 2226 1010 2302 jam
1024 2220 1165 2301 praeterit
1178 2220 1255 2297 illos,

399 2322 654 2397 Spumantemque
667 2319 733 2379 dari
746 2338 856 2397 pecora
869 2318 948 2378 inter
960 2316 1068 2379 inertia
1079 2313 1160 2376 uotis

397 2415 492 2491 Optat
506 2432 618 2490 aprum,
634 2424 685 2473 aut
699 2414 812 2472 hrivum
826 2411 1010 2473 descendere
1023 2419 1127 2470 monte
1140 2408 1269 2469 leonem.

437 2508 556 2566 Interea
569 2525 679 2585 magno
693 2504 811 2565 misceri
825 2520 974 2566 murmure
988 2504 1106 2564 coelum
1343 2518 1380 2559 nso

396 2598 507 2677 Incipit
517 2622 526 2674 ;
546 2598 712 2676 insequitur
724 2597 888 2660 commixta
899 2597 1044 2675 grandine
1058 2595 1179 2656 nimbus
1189 2616 1200 2671 3

397 2694 436 2752 Et
449 2692 531 2770 Tyrii
544 2691 669 2760 comites
682 2691 794 2769 passim
809 2702 840 2752 et
852 2691 985 2770 Troiana
996 2692 1136 2767 juventus

395 2785 625 2862 Dardaniusque
639 2802 734 2863 nepos
748 2784 875 2846 Veneris
888 2783 1006 2844 diversa
1018 2802 1072 2859 per
1084 2800 1170 2859 agros

398 2880 495 2938 Tecta
509 2889 591 2938 metu
604 2878 716 2955 petiere
727 2899 736 2952 ;
756 2888 844 2938 ruunt
857 2877 898 2937 de
911 2876 1065 2937 montibus
1077 2894 1188 2936 amnes

401 2972 582 3049 Speluncam
598 2970 680 3030 Dido
694 2971 755 3030 dux
768 2980 800 3031 et
813 2971 964 3049 Troianus.
974 2968 1101 3029 eandem
1344 2985 1381 3035 ιο,

397 3064 577 3125 Deveniunt.
622 3063 721 3124 Prima
735 3074 765 3125 et
778 3062 882 3126 Tellus
896 3072 927 3123 et
940 3062 1078 3139 pronuba
1089 3063 1173 3138 Juno

397 3159 482 3217 Dant
497 3158 612 3234 signum
624 3179 635 3231 ;¹
653 3157 759 3217 fulsere
772 3155 902 3233 ignes-et
915 3153 1055 3216 conscius
1068 3154 1171 3214 aether

397 3249 574 3324 Connubiis,
592 3269 770 3326 summoque
783 3249 934 3311 ulularunt
946 3248 1056 3309 uertice
1070 3247 1237 3326 Nymphae.

397 3344 454 3404 Ille
469 3342 533 3403 dies
547 3342 657 3419 primus
672 3342 723 3402 leti
738 3342 909 3419 primusque
924 3342 1069 3402 malorum

397 3438 515 3498 Caussa
528 3436 601 3511 fuit;
621 3435 812 3513 nequeenim
827 3434 927 3512 specie
942 3435 1057 3494 famave
1071 3442 1208 3495 movetur
1344 3460 1381 3499 »ro

397 3531 464 3589 Nec
476 3530 539 3609 jam
554 3529 692 3588 furtivum
707 3528 790 3589 Dido
803 3526 965 3591 meditatur
977 3543 1129 3603 amorem3

398 3621 579 3702 Conjugium
593 3632 702 3696 vocat3
720 3622 780 3681 hoc
793 3620 940 3699 praetexit
952 3619 1074 3681 nomiae
1088 3620 1216 3698 culpam.

439 3715 599 3792 Extemplo
614 3714 727 3793 Libyae
741 3733 864 3792 magnas
877 3713 902 3775 it
916 3716 1009 3776 Fama
1021 3732 1074 3791 per
1087 3714 1183 3788 iubes,

399 3810 424 3867 F
424 3828 500 3882 ama,
516 3808 628 3867 malum
642 3826 702 3885 qua
715 3826 777 3869 non
792 3806 873 3868 aliud
886 3805 1020 3867 velocius
1032 3807 1125 3867 ullum
1136 3828 1146 3881 3

399 3899 569 3961 Mobilitate
583 3901 670 3978 viget,
680 3903 819 3978 viresque
827 3899 954 3977 acquirit
967 3900 1106 3974 ennd03'
1343 3924 1381 3967 η,

399 3993 721 4073 Paruametuprim03
740 3991 1169 4067 morsesetttollitinzuas,
