3550 4859
397 562 437 638 58
733 574 759 619 a.
781 572 882 619 ovmn
903 572 1040 618 ussours

397 722 463 780 Nec
477 718 550 779 satis
563 720 622 779 hoc
636 720 754 779 Baccho
766 730 813 780 est
824 681 935 796 :ipsos
949 737 1068 795 quoque
1083 717 1192 778 deserit
1205 736 1302 797 agros,
1350 717 1375 767 ⁸³

398 814 535 890 Cumque
549 813 640 872 choro
654 812 776 872 meliore
790 813 836 873 sui
849 813 950 872 vineta
963 810 1081 890 Tymoli

398 906 603 982 Pactolonque
617 906 701 981 petit,
716 906 852 982 quamvis
867 925 928 964 non
942 923 1050 965 aureus
1064 904 1115 963 illo
1132 923 1134 928 ·

397 1000 548 1075 Tempore
562 1016 619 1057 nec
632 998 709 1057 caris
723 1008 786 1057 erat
800 998 963 1057 invidiosus
976 997 1084 1057 arenis.

398 1093 492 1151 Hunc
506 1101 625 1150 assueta
638 1090 754 1162 cohors,
771 1090 867 1167 Satyri
882 1091 1085 1167 Bacchaeque,
1101 1090 1310 1167 frequentant;

399 1186 441 1243 At
456 1184 572 1243 Silenus
586 1184 679 1242 abest
723 1182 1074 1259 Titubantemannisque
1089 1202 1232 1259 meroque
1351 1209 1378 1247 so

399 1276 559 1336 Ruricolae
573 1294 680 1353 cepere
693 1276 836 1354 Phryges,
851 1276 1044 1351 vinctumque
1058 1276 1177 1335 coronis

400 1371 450 1430 Ad
464 1388 565 1448 regem
580 1369 690 1428 duxere
705 1368 821 1441 Midan,
837 1367 885 1427 cui
899 1368 1046 1428 Thracius
1061 1370 1201 1445 Orpheus

399 1461 492 1541 Orgia
506 1462 668 1521 tradiderat
682 1481 750 1521 eum
765 1462 914 1538 Cecropio
929 1463 1086 1538 Eumolpo.

399 1554 461 1629 Qui
475 1555 563 1614 simul
577 1554 698 1633 agnovit
712 1555 825 1613 socium
839 1553 1039 1631 comitemque
1050 1573 1209 1628 sacrorum,

400 1647 541 1724 Hospitis
554 1648 684 1707 adventu
698 1647 805 1706 festum
819 1645 976 1725 genialiter
989 1648 1051 1725 egit
1169 1639 1176 1653 ⁴

400 1743 458 1800 Per
470 1740 518 1800 bis
532 1740 664 1816 quinque
679 1740 743 1799 dies
757 1749 788 1798 et
806 1741 924 1815 junctas
939 1739 1043 1800 ordine
1058 1750 1170 1799 noctes.

401 1835 440 1894 Et
458 1834 520 1909 jam
535 1834 685 1893 stellarum
699 1832 825 1892 sublime
838 1835 978 1911 coegerat
992 1852 1100 1911 agmen

400 1926 519 1985 Lucifer
531 1925 715 1998 undecimus,
732 1926 833 2003 Lydos
848 1944 939 2002 quum
953 1926 1048 1985 laetus
1063 1925 1094 1984 in
1108 1944 1197 2003 agros

401 2021 469 2078 Rex
481 2018 571 2091 venit,
586 2027 618 2077 et
635 2017 737 2094 juveni
751 2018 883 2077 Silenum
897 2018 995 2077 reddit
1009 2018 1137 2077 alumno.

402 2111 484 2171 Huic
498 2112 572 2170 deus
587 2111 711 2187 optandi
724 2121 847 2187 gratum,
863 2110 919 2169 sed
932 2109 1044 2184 inutile,
1060 2111 1129 2171 fecit

401 2204 538 2263 Muneris
552 2202 712 2275 arbitrium,
726 2203 862 2281 gaudens
875 2202 970 2262 altore
983 2213 1111 2280 recepto.

402 2296 468 2370 Ille,
484 2297 561 2355 male
574 2315 680 2355 usurus
694 2296 791 2369 donis,
806 2295 866 2355 ait:
887 2296 988 2369 Effice,
1004 2295 1145 2372 quicquid

401 2390 536 2465 Corpore
550 2388 712 2467 contigero,
728 2387 840 2447 fulvum
853 2397 985 2448 vertatur
998 2389 1030 2447 in
1043 2409 1154 2449 aurum.

402 2481 518 2540 Annuit
533 2481 652 2558 optatis,
667 2480 860 2558 nocituraque
874 2500 997 2541 munera
1011 2481 1101 2541 solvit

401 2573 501 2647 Liber,
517 2584 547 2633 et
558 2573 684 2633 indoluit
698 2574 779 2650 quod
793 2594 854 2633 non
868 2574 991 2634 meliora
1004 2575 1136 2651 petisset.

402 2669 513 2726 Laetus
526 2666 590 2726 abit
602 2667 771 2745 gaudetque
785 2667 864 2726 malo
879 2668 1072 2745 Berecyntius
1085 2669 1182 2743 heros,

402 2759 590 2835 Pollicitique
605 2759 695 2818 fidem
710 2759 862 2837 tangendo
876 2758 993 2837 singula
1008 2770 1110 2820 tentat

400 2852 520 2929 Vixque
534 2851 591 2912 sibi
604 2852 739 2926 credens,
755 2872 816 2912 non
830 2852 891 2912 alta
904 2854 1010 2913 fronde
1023 2854 1168 2915 virentem

402 2945 476 3004 llice
490 2944 618 3004 detraxit
631 2945 764 3022 virgam3
784 2945 866 3023 virga
880 2964 970 3005 aurea
983 2945 1062 3006 lacta
1075 2955 1130 3007 est
1149 2969 1152 2973 ·

401 3038 494 3097 Tollit
507 3038 598 3097 humo
612 3056 736 3112 saxum5
756 3057 860 3097 saxum
874 3057 993 3115 quoque
1007 3040 1113 3116 palluit
1126 3059 1219 3103 auro:

402 3130 537 3209 Contigit
550 3140 581 3190 et
593 3129 713 3209 glebam
724 3152 734 3204 ς
753 3140 892 3190 contactu
905 3132 993 3207 gleba
1006 3134 1123 3209 potenti

402 3225 506 3283 Massa
519 3223 553 3282 fit
566 3245 573 3282 ε
592 3232 710 3282 arentes
725 3223 843 3283 Cereris
857 3224 1008 3301 decerpsit
1021 3226 1127 3286 aristas
1138 3248 1147 3301 ς

402 3319 502 3375 Aurea
515 3314 621 3375 messis
638 3324 718 3375 erat:
739 3316 872 3375 demtum
886 3326 968 3376 tenet
981 3318 1087 3378 arbore
1101 3338 1242 3396 pomum;

402 3408 590 3484 Hesperidas
604 3408 734 3468 donasse
747 3418 855 3484 putes:
875 3408 901 3467 si
915 3410 1050 3485 postibus
1063 3411 1132 3473 altis

402 3500 546 3560 Admovit
560 3500 677 3578 digitos,
692 3509 795 3592 postes
809 3501 925 3561 radiare
938 3502 1086 3564 videntur.

402 3593 459 3653 Ille
473 3592 563 3653 etiam
577 3592 697 3669 liquidis
710 3594 826 3670 palmas
839 3594 891 3653 ubi
906 3596 1017 3655 laverat
1029 3597 1127 3672 undis,

402 3686 496 3747 Unda
509 3686 604 3745 fluens
618 3687 732 3763 palmas
747 3688 874 3745 Danaen
888 3688 1009 3748 eludere
1023 3701 1134 3766 posset

401 3778 461 3837 Vix
475 3797 545 3855 spes
560 3778 624 3855 ipse
639 3798 709 3838 suas
722 3779 822 3840 animo
836 3779 925 3856 capit,
940 3801 1029 3842 aurea
1042 3783 1160 3862 fingens

402 3870 520 3933 Omnia
565 3871 716 3931 Gaudenti
729 3890 849 3931 mensas
865 3892 992 3949 posuere
1006 3874 1139 3950 ministri,

403 3966 577 4024 Exstructas
592 3964 720 4041 dapibus
734 3983 790 4025 nec
804 3974 901 4025 tostae
915 3966 1008 4045 frugis
1021 3978 1151 4046 egentes

403 4059 482 4117 Tum
494 4074 568 4119 vero
581 4056 645 4118 sive
659 4056 710 4117 ille
723 4073 778 4120 sua
791 4058 929 4122 Cerealia
941 4059 1047 4122 dextra
