3550 4859
444 558 483 613 4²
779 543 1088 599 norrnnnsosrs
1123 529 1126 536 ’

446 698 516 761 Exit
529 698 560 759 in
574 698 727 761 aetherias.
771 698 821 760 Ibi
834 709 901 761 toto
914 698 1016 761 nubila
1028 700 1113 761 vultu

445 796 526 854 Ante
540 795 646 870 Jovem
660 792 756 871 passis
770 792 853 854 stetit
865 792 1014 854 invidiose
1026 792 1149 870 capillis,

446 888 566 963 Proque
579 905 648 947 meo
662 886 732 946 veni
745 887 872 964 supplex
885 885 949 960 tibi,
963 886 1088 963 Jupiter,
1102 884 1206 963 iuquit,

446 977 603 1056 Sanguine,
620 997 735 1057 proque
749 988 810 1039 tuo
854 979 887 1039 Si
899 979 984 1039 nulla
996 990 1043 1040 est
1055 979 1149 1057 gratia
1161 976 1273 1052 manis,
1386 1004 1424 1046 ,ις

447 1074 528 1133 Nata
541 1082 655 1149 patrem
669 1083 797 1146 moveat,
813 1091 873 1132 neu
886 1071 926 1132 sit
940 1072 994 1133 tibi
1007 1092 1086 1146 cura,
1101 1090 1265 1149 precamur,

446 1164 543 1225 Vilior
556 1164 643 1239 illius,
660 1165 743 1241 quod
756 1175 860 1225 nostro
875 1176 921 1225 est
935 1165 1016 1225 edim
1029 1174 1123 1242 partu

448 1259 497 1318 En
510 1256 645 1336 quaesita
657 1257 710 1317 diu
722 1258 845 1318 taudem
858 1258 933 1317 mihi
946 1269 1017 1318 nata
1029 1268 1146 1335 reperta
1157 1268 1227 1333 est;

450 1351 481 1412 si
495 1351 622 1429 reperire
636 1369 728 1411 vocas
741 1350 876 1411 amittere
889 1350 1006 1425 certius,
1022 1361 1074 1412 aut
1087 1350 1113 1411 si
1177 1375 1182 1385 ·

450 1444 531 1506 Scire
544 1444 597 1505 ubi
611 1443 649 1504 sit
661 1443 788 1521 reperire
801 1463 901 1505 voees
944 1445 1036 1519 Quod
1049 1455 1142 1521 rapta,
1156 1445 1302 1519 feremus3
1388 1471 1426 1511 ,ω

449 1538 625 1600 Dummodo
638 1538 744 1598 reddat
757 1557 844 1598 eam:
863 1557 962 1615 neque
976 1536 1056 1597 enim
1073 1538 1225 1615 praedone
1238 1536 1344 1597 marito

449 1629 525 1691 Filia
539 1630 630 1708 digna
643 1640 695 1690 tua
709 1641 763 1705 est,
778 1632 805 1691 si
817 1633 880 1708 jam
893 1650 962 1691 mea
975 1630 1036 1691 filia
1048 1650 1109 1691 non
1124 1641 1178 1691 est

448 1723 565 1801 Jupiter
578 1723 714 1802 excepit:
734 1726 903 1785 Commune
916 1734 963 1784 est
975 1723 1084 1801 pignus
1096 1741 1234 1801 onusque

450 1818 530 1877 Nata
543 1816 615 1876 mihi
629 1827 749 1891 tecum3
769 1817 832 1891 sed,
847 1816 979 1878 simodo
993 1816 1116 1877 nomina
1128 1817 1217 1878 rebus

449 1908 570 1969 Addere
583 1929 653 1970 vera
663 1911 770 1988 placet,
785 1908 1172 1987 uonhocinjuriafactum,
1389 1933 1428 1976 μς

448 2003 561 2063 Verum
575 2022 659 2062 amor
672 2013 736 2077 est3
756 2022 855 2080 neque
868 2002 924 2063 erit
936 2001 1024 2062 nobis
1037 2022 1128 2079 gener
1140 2001 1190 2063 ille
1203 2002 1331 2080 pudori:

400 2109 404 2116 ’
450 2096 498 2156 Tu
511 2095 613 2169 modo,
629 2095 707 2171 diva,
722 2095 804 2156 velis
847 2098 892 2157 Ut
906 2094 1005 2156 desint
1020 2106 1128 2170 cetera,
1142 2103 1287 2173 quantum
1302 2105 1347 2155 est

451 2190 528 2248 Esse
542 2188 625 2265 Jovis
639 2189 776 2250 fratrem!
818 2188 909 2264 Quid,
924 2188 1006 2265 quod
1020 2207 1081 2249 non
1094 2198 1194 2249 cetera
1207 2189 1326 2262 desunt,

451 2283 518 2342 Nec
531 2280 613 2341 cedit
625 2280 683 2344 nisi
697 2292 776 2343 sorte
789 2282 932 2344 mihil-
941 2282 1002 2343 Sed
1015 2292 1099 2343 tanta
1112 2282 1224 2358 cupido

451 2374 482 2436 Si
495 2373 550 2435 tibi
564 2374 877 2453 discidiiestrepetet
891 2374 1068 2452 Proserpina
1081 2376 1217 2435 coelum:
1391 2403 1429 2443 530

450 2470 534 2546 Lege
547 2478 648 2529 tamen
662 2479 752 2543 certa
767 2468 792 2529 si
806 2470 904 2529 nullos
917 2467 1041 2545 contigit
1055 2467 1114 2527 illic

451 2561 513 2622 Ore
526 2560 632 2623 cibos:
652 2581 723 2623 nam
737 2561 781 2622 sic
796 2564 953 2621 Paroerum
967 2561 1087 2621 foedere
1101 2572 1221 2622 cautum
1234 2572 1290 2622 est

453 2654 600 2729 Dixerat3
620 2666 651 2715 at
665 2654 766 2717 Cereri
780 2664 893 2714 certum
907 2664 952 2714 est
967 2655 1091 2715 educere
1106 2665 1215 2715 natam.

452 2748 523 2807 Non
538 2746 579 2807 ita
592 2749 654 2808 sata
666 2747 775 2823 sinunt,
790 2746 930 2824 quoniam
942 2746 1056 2826 jejunia
1068 2746 1152 2825 virgo

454 2841 588 2901 Solverat
602 2851 640 2914 et,
655 2840 743 2901 cultis
756 2840 829 2901 dum
842 2840 969 2917 simplex
982 2850 1059 2900 errat
1071 2839 1102 2899 in
1116 2839 1219 2916 hortis,

452 2932 617 2995 Puniceum
632 2953 723 2994 curva
736 2933 924 3009 decerpserat
938 2934 1042 2994 arbore
1055 2952 1189 3010 pomum,

453 3028 617 3104 Sumtaque
632 3025 756 3104 pallenti
769 3036 884 3103 septem
898 3025 937 3086 de
951 3025 1060 3087 cortice
1073 3044 1166 3103 grana

455 3121 606 3180 Presserat
619 3137 670 3178 ore
684 3137 748 3180 suo.
792 3119 940 3195 Solusque
954 3136 992 3180 ex
1005 3118 1145 3179 omnibus
1158 3117 1232 3178 illud

455 3210 642 3289 Ascalaphus
655 3209 876 3287 vidit-quem
890 3212 1043 3288 quondam
1058 3210 1164 3271 dicitiu
1177 3209 1310 3288 Orphne,

456 3303 539 3364 lnter
553 3304 716 3364 Avernales
729 3304 810 3364 haud
823 3303 1008 3381 ignotissima
1022 3304 1188 3381 Nymphas,
1394 3329 1433 3370 uo

455 3399 502 3458 Ex
516 3397 687 3457 Acheronte
702 3414 756 3457 suo
770 3396 859 3457 furvis
873 3396 1024 3475 peperisse
1038 3397 1093 3457 sub
1108 3395 1248 3457 antris-

454 3489 539 3551 Vidit
552 3500 583 3551 et
596 3488 707 3550 iudicio
720 3488 849 3550 reditum
862 3490 990 3551 crudelis
1004 3488 1124 3551 ademit

456 3581 605 3661 Ingemuit
619 3582 722 3661 regina
735 3583 834 3658 Erebi,
850 3594 1018 3661 testemque
1031 3582 1186 3660 profanam

456 3676 539 3737 Fecit
552 3695 647 3751 avem,
662 3694 855 3754 sparsumque
870 3687 961 3755 caput
975 3675 1225 3755 Phlegethontide
1238 3676 1360 3755 lympha

457 3771 495 3829 ln
508 3780 634 3831 rostrum
649 3779 680 3830 et
692 3769 810 3847 plumas
824 3779 855 3830 et
867 3769 991 3847 grandia
1003 3768 1117 3830 lumina
1129 3767 1223 3831 vertit.
1393 3797 1432 3839 με

456 3862 513 3926 Ille
528 3861 584 3923 sibi
598 3862 713 3924 ablatus
726 3862 812 3923 fidvis
826 3862 962 3923 amicitur
974 3862 1013 3923 ab
1027 3860 1091 3935 alis,

457 3957 554 4034 Inque
567 3966 657 4034 caput
670 3954 775 4020 crescit
787 3957 953 4035 longosque
967 3954 1127 4018 rfflecnmr
1139 3974 1263 4035 ungues,
