<?xml version="1.0" encoding="UTF-8"?>
<!DOCTYPE html PUBLIC "-//W3C//DTD XHTML 1.0 Transitional//EN"
    "http://www.w3.org/TR/xhtml1/DTD/xhtml1-transitional.dtd">
<html xmlns="http://www.w3.org/1999/xhtml" xml:lang="en" lang="en">
 <head>
  <title>
</title>
<meta http-equiv="Content-Type" content="text/html;charset=utf-8" />
  <meta name='ocr-system' content='tesseract 3.04.00' />
  <meta name='ocr-capabilities' content='ocr_page ocr_carea ocr_par ocr_line ocrx_word'/>
</head>
<body>
  <div class='ocr_page' id='page_1' title='image "./selectionsfromo00rolfgoog_0190.png"; bbox 0 0 3550 4859; ppageno 0'>
   <div class='ocr_carea' id='block_1_1' title="bbox 402 561 1065 625">
    <p class='ocr_par' dir='ltr' id='par_1_1' title="bbox 402 561 1065 625">
     <span class='ocr_line' id='line_1_1' title="bbox 402 561 1065 625; baseline 0 -16"><span class='ocrx_word' id='word_1_1' title='bbox 402 564 460 625; x_wconf 81' lang='lat'>174</span> <span class='ocrx_word' id='word_1_2' title='bbox 716 565 743 609; x_wconf 77' lang='lat' dir='ltr'>n.</span> <span class='ocrx_word' id='word_1_3' title='bbox 765 561 899 609; x_wconf 79' lang='lat' dir='ltr'>vmouar</span> <span class='ocrx_word' id='word_1_4' title='bbox 921 561 1065 609; x_wconf 70' lang='lat' dir='ltr'>neom</span> 
     </span>
    </p>
   </div>
   <div class='ocr_carea' id='block_1_2' title="bbox 399 706 1264 787">
    <p class='ocr_par' dir='ltr' id='par_1_2' title="bbox 399 706 1264 787">
     <span class='ocr_line' id='line_1_2' title="bbox 399 706 1264 787; baseline -0.005 -16"><span class='ocrx_word' id='word_1_5' title='bbox 399 711 461 771; x_wconf 77' lang='lat' dir='ltr'>Dat</span> <span class='ocrx_word' id='word_1_6' title='bbox 478 708 589 787; x_wconf 89' lang='lat' dir='ltr'>juveni,</span> <span class='ocrx_word' id='word_1_7' title='bbox 605 720 694 787; x_wconf 85' lang='lat' dir='ltr'>atque</span> <span class='ocrx_word' id='word_1_8' title='bbox 708 709 839 769; x_wconf 80' lang='lat' dir='ltr'>anhnum</span> <span class='ocrx_word' id='word_1_9' title='bbox 853 707 1004 785; x_wconf 80' lang='lat' dir='ltr'>praesenti</span> <span class='ocrx_word' id='word_1_10' title='bbox 1017 706 1144 786; x_wconf 79' lang='lat' dir='ltr'>pignore</span> <span class='ocrx_word' id='word_1_11' title='bbox 1156 706 1264 768; x_wconf 78' lang='lat' dir='ltr'>firmat</span> 
     </span>
    </p>
   </div>
   <div class='ocr_carea' id='block_1_3' title="bbox 397 800 1381 1344">
    <p class='ocr_par' dir='ltr' id='par_1_3' title="bbox 398 800 1135 880">
     <span class='ocr_line' id='line_1_3' title="bbox 398 800 1135 880; baseline -0.003 -17"><span class='ocrx_word' id='word_1_12' title='bbox 398 803 455 863; x_wconf 93' lang='lat' dir='ltr'>Ille</span> <span class='ocrx_word' id='word_1_13' title='bbox 470 803 553 876; x_wconf 87' lang='lat' dir='ltr'>haec,</span> <span class='ocrx_word' id='word_1_14' title='bbox 569 802 705 880; x_wconf 88' lang='lat' dir='ltr'>deposita</span> <span class='ocrx_word' id='word_1_15' title='bbox 718 802 840 861; x_wconf 86' lang='lat' dir='ltr'>tandem</span> <span class='ocrx_word' id='word_1_16' title='bbox 854 800 1021 874; x_wconf 85' lang='lat' dir='ltr'>formidine,</span> <span class='ocrx_word' id='word_1_17' title='bbox 1036 800 1114 860; x_wconf 84' lang='lat' dir='ltr'>fatur</span> <span class='ocrx_word' id='word_1_18' title='bbox 1129 823 1135 861; x_wconf 74' lang='grc' dir='ltr'><strong>ι</strong></span> 
     </span>
    </p>

    <p class='ocr_par' dir='ltr' id='par_1_4' title="bbox 397 892 1125 973">
     <span class='ocr_line' id='line_1_4' title="bbox 397 892 1125 973; baseline -0.005 -16"><span class='ocrx_word' id='word_1_19' title='bbox 397 898 468 957; x_wconf 91' lang='lat' dir='ltr'>Sum</span> <span class='ocrx_word' id='word_1_20' title='bbox 482 895 576 973; x_wconf 90' lang='lat' dir='ltr'>patria</span> <span class='ocrx_word' id='word_1_21' title='bbox 590 914 627 954; x_wconf 83' lang='lat' dir='ltr'>ex</span> <span class='ocrx_word' id='word_1_22' title='bbox 642 896 755 968; x_wconf 89' lang='lat' dir='ltr'>Ithaca,</span> <span class='ocrx_word' id='word_1_23' title='bbox 770 912 874 954; x_wconf 84' lang='lat' dir='ltr'>comes</span> <span class='ocrx_word' id='word_1_24' title='bbox 889 892 1017 954; x_wconf 79' lang='lat' dir='ltr'>infelicis</span> <span class='ocrx_word' id='word_1_25' title='bbox 1032 894 1125 968; x_wconf 74' lang='lat' dir='ltr'>Ulixi,</span> 
     </span>
    </p>

    <p class='ocr_par' dir='ltr' id='par_1_5' title="bbox 399 986 1229 1065">
     <span class='ocr_line' id='line_1_5' title="bbox 399 986 1229 1065; baseline -0.001 -17"><span class='ocrx_word' id='word_1_26' title='bbox 399 989 526 1050; x_wconf 90' lang='lat' dir='ltr'>Nomine</span> <span class='ocrx_word' id='word_1_27' title='bbox 535 988 765 1060; x_wconf 84' lang='lat' dir='ltr'>Achemenides‚</span> <span class='ocrx_word' id='word_1_28' title='bbox 780 987 903 1065; x_wconf 89' lang='lat' dir='ltr'>Trojam</span> <span class='ocrx_word' id='word_1_29' title='bbox 916 986 1051 1065; x_wconf 84' lang='lat' dir='ltr'>genitore</span> <span class='ocrx_word' id='word_1_30' title='bbox 1064 986 1229 1047; x_wconf 74' lang='lat' dir='ltr'><strong>Adamasto</strong></span> 
     </span>
    </p>

    <p class='ocr_par' dir='ltr' id='par_1_6' title="bbox 398 1080 1381 1344">
     <span class='ocr_line' id='line_1_6' title="bbox 398 1080 1381 1159; baseline -0.004 -18"><span class='ocrx_word' id='word_1_31' title='bbox 398 1084 532 1159; x_wconf 91' lang='lat' dir='ltr'>Paupere</span> <span class='ocrx_word' id='word_1_32' title='bbox 541 1080 809 1156; x_wconf 84' lang='lat' dir='ltr'><strong>-mansissetque</strong></span> <span class='ocrx_word' id='word_1_33' title='bbox 822 1080 936 1140; x_wconf 88' lang='lat' dir='ltr'>utinam</span> <span class='ocrx_word' id='word_1_34' title='bbox 950 1080 1067 1140; x_wconf 80' lang='lat' dir='ltr'>fortuna</span> <span class='ocrx_word' id='word_1_35' title='bbox 1078 1081 1299 1158; x_wconf 75' lang='lat' dir='ltr'>l-proiectus</span> <span class='ocrx_word' id='word_1_36' title='bbox 1341 1097 1381 1148; x_wconf 63' lang='grc' dir='ltr'>οι,</span> 
     </span>
     <span class='ocr_line' id='line_1_7' title="bbox 399 1171 1193 1250; baseline -0.003 -15"><span class='ocrx_word' id='word_1_37' title='bbox 399 1174 461 1235; x_wconf 93' lang='lat' dir='ltr'>Hic</span> <span class='ocrx_word' id='word_1_38' title='bbox 475 1193 532 1248; x_wconf 83' lang='lat' dir='ltr'>me,</span> <span class='ocrx_word' id='word_1_39' title='bbox 548 1174 619 1232; x_wconf 91' lang='lat' dir='ltr'>dum</span> <span class='ocrx_word' id='word_1_40' title='bbox 634 1172 743 1250; x_wconf 87' lang='lat' dir='ltr'>trepidi</span> <span class='ocrx_word' id='word_1_41' title='bbox 757 1172 889 1232; x_wconf 79' lang='lat' dir='ltr'>crudelia</span> <span class='ocrx_word' id='word_1_42' title='bbox 903 1171 1007 1231; x_wconf 88' lang='lat' dir='ltr'>limina</span> <span class='ocrx_word' id='word_1_43' title='bbox 1019 1171 1168 1249; x_wconf 83' lang='lat' dir='ltr'>linquunt,</span> <span class='ocrx_word' id='word_1_44' title='bbox 1190 1227 1193 1232; x_wconf 25' lang='lat'><strong>⁴</strong></span> 
     </span>
     <span class='ocr_line' id='line_1_8' title="bbox 398 1266 1092 1344; baseline 0 -18"><span class='ocrx_word' id='word_1_45' title='bbox 398 1269 593 1326; x_wconf 89' lang='lat' dir='ltr'>Immemores</span> <span class='ocrx_word' id='word_1_46' title='bbox 607 1266 681 1326; x_wconf 89' lang='lat' dir='ltr'>socii</span> <span class='ocrx_word' id='word_1_47' title='bbox 695 1276 781 1326; x_wconf 89' lang='lat' dir='ltr'>vasto</span> <span class='ocrx_word' id='word_1_48' title='bbox 796 1266 937 1344; x_wconf 81' lang='lat' dir='ltr'>Cyclopis</span> <span class='ocrx_word' id='word_1_49' title='bbox 951 1266 984 1324; x_wconf 89' lang='lat' dir='ltr'>in</span> <span class='ocrx_word' id='word_1_50' title='bbox 998 1276 1092 1326; x_wconf 87' lang='lat' dir='ltr'>antro</span> 
     </span>
    </p>
   </div>
   <div class='ocr_carea' id='block_1_4' title="bbox 279 1357 1188 1435">
    <p class='ocr_par' dir='ltr' id='par_1_7' title="bbox 279 1357 1188 1435">
     <span class='ocr_line' id='line_1_9' title="bbox 279 1357 1188 1435; baseline -0.002 -16"><span class='ocrx_word' id='word_1_51' title='bbox 279 1387 284 1398; x_wconf 96' lang='lat'><em>·</em></span> <span class='ocrx_word' id='word_1_52' title='bbox 398 1362 573 1420; x_wconf 87' lang='lat' dir='ltr'>Deseruere.</span> <span class='ocrx_word' id='word_1_53' title='bbox 617 1361 734 1419; x_wconf 92' lang='lat' dir='ltr'>Domus</span> <span class='ocrx_word' id='word_1_54' title='bbox 748 1359 832 1418; x_wconf 90' lang='lat' dir='ltr'>sanie</span> <span class='ocrx_word' id='word_1_55' title='bbox 847 1357 1035 1435; x_wconf 83' lang='lat' dir='ltr'>dapibusque</span> <span class='ocrx_word' id='word_1_56' title='bbox 1048 1358 1188 1433; x_wconf 83' lang='lat' dir='ltr'>cruentis,</span> 
     </span>
    </p>
   </div>
   <div class='ocr_carea' id='block_1_5' title="bbox 396 1450 1283 4033">
    <p class='ocr_par' dir='ltr' id='par_1_8' title="bbox 398 1450 1230 1623">
     <span class='ocr_line' id='line_1_10' title="bbox 398 1450 1230 1530; baseline 0.002 -19"><span class='ocrx_word' id='word_1_57' title='bbox 398 1455 485 1512; x_wconf 90' lang='lat' dir='ltr'>Intus</span> <span class='ocrx_word' id='word_1_58' title='bbox 499 1471 602 1529; x_wconf 82' lang='lat' dir='ltr'>opaca,</span> <span class='ocrx_word' id='word_1_59' title='bbox 618 1450 734 1530; x_wconf 80' lang='lat' dir='ltr'>ingens.</span> <span class='ocrx_word' id='word_1_60' title='bbox 777 1454 848 1528; x_wconf 90' lang='lat' dir='ltr'>Ipse</span> <span class='ocrx_word' id='word_1_61' title='bbox 862 1451 980 1526; x_wconf 88' lang='lat' dir='ltr'>arduus,</span> <span class='ocrx_word' id='word_1_62' title='bbox 995 1452 1116 1528; x_wconf 85' lang='lat' dir='ltr'>altaque</span> <span class='ocrx_word' id='word_1_63' title='bbox 1128 1452 1230 1529; x_wconf 80' lang='lat' dir='ltr'>pulsat</span> 
     </span>
     <span class='ocr_line' id='line_1_11' title="bbox 399 1543 1158 1623; baseline 0 -18"><span class='ocrx_word' id='word_1_64' title='bbox 399 1546 502 1605; x_wconf 89' lang='lat' dir='ltr'>Sidera</span> <span class='ocrx_word' id='word_1_65' title='bbox 511 1578 553 1589; x_wconf 87' lang='lat'><em>-</em></span> <span class='ocrx_word' id='word_1_66' title='bbox 564 1544 614 1617; x_wconf 90' lang='lat' dir='ltr'>Di,</span> <span class='ocrx_word' id='word_1_67' title='bbox 628 1543 719 1604; x_wconf 89' lang='lat' dir='ltr'>talem</span> <span class='ocrx_word' id='word_1_68' title='bbox 733 1544 821 1604; x_wconf 87' lang='lat' dir='ltr'>terris</span> <span class='ocrx_word' id='word_1_69' title='bbox 834 1545 957 1605; x_wconf 87' lang='lat' dir='ltr'>avertite</span> <span class='ocrx_word' id='word_1_70' title='bbox 969 1549 1104 1623; x_wconf 86' lang='lat' dir='ltr'>pestem!</span> <span class='ocrx_word' id='word_1_71' title='bbox 1115 1577 1158 1590; x_wconf 89' lang='lat'>-</span> 
     </span>
    </p>

    <p class='ocr_par' dir='ltr' id='par_1_9' title="bbox 398 1637 1036 1699">
     <span class='ocr_line' id='line_1_12' title="bbox 398 1637 1036 1699; baseline -0.002 0"><span class='ocrx_word' id='word_1_72' title='bbox 398 1641 464 1699; x_wconf 92' lang='lat' dir='ltr'>Nec</span> <span class='ocrx_word' id='word_1_73' title='bbox 477 1639 543 1698; x_wconf 90' lang='lat' dir='ltr'>visu</span> <span class='ocrx_word' id='word_1_74' title='bbox 556 1637 652 1698; x_wconf 83' lang='lat' dir='ltr'>facilis</span> <span class='ocrx_word' id='word_1_75' title='bbox 666 1656 723 1697; x_wconf 89' lang='lat' dir='ltr'>nec</span> <span class='ocrx_word' id='word_1_76' title='bbox 737 1638 820 1698; x_wconf 88' lang='lat' dir='ltr'>dictu</span> <span class='ocrx_word' id='word_1_77' title='bbox 833 1637 961 1698; x_wconf 82' lang='lat' dir='ltr'>affabilis</span> <span class='ocrx_word' id='word_1_78' title='bbox 974 1639 1036 1698; x_wconf 83' lang='lat' dir='ltr'>ulli</span> 
     </span>
    </p>

    <p class='ocr_par' dir='ltr' id='par_1_10' title="bbox 396 1730 1237 2443">
     <span class='ocr_line' id='line_1_13' title="bbox 396 1730 1189 1809; baseline 0.003 -20"><span class='ocrx_word' id='word_1_79' title='bbox 396 1731 569 1791; x_wconf 91' lang='lat' dir='ltr'>Visceribus</span> <span class='ocrx_word' id='word_1_80' title='bbox 583 1730 757 1790; x_wconf 89' lang='lat' dir='ltr'>miserorum</span> <span class='ocrx_word' id='word_1_81' title='bbox 772 1742 803 1791; x_wconf 92' lang='lat' dir='ltr'>et</span> <span class='ocrx_word' id='word_1_82' title='bbox 816 1730 961 1809; x_wconf 87' lang='lat' dir='ltr'>sanguine</span> <span class='ocrx_word' id='word_1_83' title='bbox 975 1731 1102 1792; x_wconf 87' lang='lat' dir='ltr'>vescitur</span> <span class='ocrx_word' id='word_1_84' title='bbox 1114 1740 1189 1791; x_wconf 82' lang='lat' dir='ltr'>atro</span> 
     </span>
     <span class='ocr_line' id='line_1_14' title="bbox 397 1823 1237 1902; baseline 0.004 -20"><span class='ocrx_word' id='word_1_85' title='bbox 397 1824 468 1883; x_wconf 88' lang='lat' dir='ltr'>Vidi</span> <span class='ocrx_word' id='word_1_86' title='bbox 482 1833 608 1902; x_wconf 88' lang='lat' dir='ltr'>egomet,</span> <span class='ocrx_word' id='word_1_87' title='bbox 624 1824 685 1883; x_wconf 92' lang='lat' dir='ltr'>duo</span> <span class='ocrx_word' id='word_1_88' title='bbox 698 1823 737 1884; x_wconf 90' lang='lat' dir='ltr'>de</span> <span class='ocrx_word' id='word_1_89' title='bbox 751 1842 875 1884; x_wconf 89' lang='lat' dir='ltr'>numero</span> <span class='ocrx_word' id='word_1_90' title='bbox 889 1842 981 1900; x_wconf 90' lang='lat' dir='ltr'>quum</span> <span class='ocrx_word' id='word_1_91' title='bbox 994 1842 1120 1901; x_wconf 86' lang='lat' dir='ltr'>corpora</span> <span class='ocrx_word' id='word_1_92' title='bbox 1132 1833 1237 1885; x_wconf 90' lang='lat' dir='ltr'>nostro</span> 
     </span>
     <span class='ocr_line' id='line_1_15' title="bbox 398 1916 1167 1995; baseline 0.003 -20"><span class='ocrx_word' id='word_1_93' title='bbox 398 1918 511 1976; x_wconf 87' lang='lat' dir='ltr'>Prensa</span> <span class='ocrx_word' id='word_1_94' title='bbox 524 1935 613 1976; x_wconf 91' lang='lat' dir='ltr'>manu</span> <span class='ocrx_word' id='word_1_95' title='bbox 628 1935 736 1995; x_wconf 90' lang='lat' dir='ltr'>magna</span> <span class='ocrx_word' id='word_1_96' title='bbox 749 1916 849 1976; x_wconf 88' lang='lat' dir='ltr'>medio</span> <span class='ocrx_word' id='word_1_97' title='bbox 863 1917 1022 1994; x_wconf 88' lang='lat' dir='ltr'>resupinus</span> <span class='ocrx_word' id='word_1_98' title='bbox 1035 1916 1066 1975; x_wconf 95' lang='lat' dir='ltr'>in</span> <span class='ocrx_word' id='word_1_99' title='bbox 1080 1927 1167 1977; x_wconf 88' lang='lat' dir='ltr'>antro</span> 
     </span>
     <span class='ocr_line' id='line_1_16' title="bbox 400 2009 1206 2088; baseline 0.001 -19"><span class='ocrx_word' id='word_1_100' title='bbox 400 2011 562 2088; x_wconf 86' lang='lat' dir='ltr'>Frangeret</span> <span class='ocrx_word' id='word_1_101' title='bbox 575 2010 614 2069; x_wconf 91' lang='lat' dir='ltr'>ad</span> <span class='ocrx_word' id='word_1_102' title='bbox 628 2027 741 2082; x_wconf 84' lang='lat' dir='ltr'>saxum,</span> <span class='ocrx_word' id='word_1_103' title='bbox 756 2009 899 2086; x_wconf 88' lang='lat' dir='ltr'>sanieque</span> <span class='ocrx_word' id='word_1_104' title='bbox 914 2027 1054 2087; x_wconf 84' lang='lat' dir='ltr'>exspersa</span> <span class='ocrx_word' id='word_1_105' title='bbox 1066 2018 1206 2070; x_wconf 84' lang='lat' dir='ltr'>natarent</span> 
     </span>
     <span class='ocr_line' id='line_1_17' title="bbox 398 2102 1164 2179; baseline 0.003 -18"><span class='ocrx_word' id='word_1_106' title='bbox 398 2102 535 2177; x_wconf 84' lang='lat' dir='ltr'>Limina;</span> <span class='ocrx_word' id='word_1_107' title='bbox 554 2102 614 2162; x_wconf 90' lang='lat' dir='ltr'>vidi</span> <span class='ocrx_word' id='word_1_108' title='bbox 628 2112 693 2162; x_wconf 91' lang='lat' dir='ltr'>atro</span> <span class='ocrx_word' id='word_1_109' title='bbox 706 2120 797 2179; x_wconf 90' lang='lat' dir='ltr'>quum</span> <span class='ocrx_word' id='word_1_110' title='bbox 811 2104 944 2162; x_wconf 88' lang='lat' dir='ltr'>membra</span> <span class='ocrx_word' id='word_1_111' title='bbox 957 2102 1080 2162; x_wconf 88' lang='lat' dir='ltr'>fluentia</span> <span class='ocrx_word' id='word_1_112' title='bbox 1092 2103 1164 2163; x_wconf 88' lang='lat' dir='ltr'>tabo</span> 
     </span>
     <span class='ocr_line' id='line_1_18' title="bbox 399 2195 1224 2273; baseline 0.001 -17"><span class='ocrx_word' id='word_1_113' title='bbox 399 2196 567 2269; x_wconf 88' lang='lat' dir='ltr'>Manderet‚</span> <span class='ocrx_word' id='word_1_114' title='bbox 583 2206 613 2255; x_wconf 92' lang='lat' dir='ltr'>et</span> <span class='ocrx_word' id='word_1_115' title='bbox 627 2195 720 2273; x_wconf 89' lang='lat' dir='ltr'>tepidi</span> <span class='ocrx_word' id='word_1_116' title='bbox 734 2205 896 2256; x_wconf 86' lang='lat' dir='ltr'>tremerent</span> <span class='ocrx_word' id='word_1_117' title='bbox 909 2196 965 2255; x_wconf 87' lang='lat' dir='ltr'>sub</span> <span class='ocrx_word' id='word_1_118' title='bbox 979 2195 1120 2255; x_wconf 89' lang='lat' dir='ltr'>dentibus</span> <span class='ocrx_word' id='word_1_119' title='bbox 1133 2205 1224 2257; x_wconf 80' lang='lat' dir='ltr'>artua</span> 
     </span>
     <span class='ocr_line' id='line_1_19' title="bbox 399 2287 1196 2366; baseline 0 -18"><span class='ocrx_word' id='word_1_120' title='bbox 399 2290 493 2349; x_wconf 91' lang='lat' dir='ltr'>Haud</span> <span class='ocrx_word' id='word_1_121' title='bbox 507 2289 628 2366; x_wconf 90' lang='lat' dir='ltr'>impune</span> <span class='ocrx_word' id='word_1_122' title='bbox 642 2287 783 2365; x_wconf 80' lang='lat' dir='ltr'>quidem3</span> <span class='ocrx_word' id='word_1_123' title='bbox 803 2306 859 2348; x_wconf 88' lang='lat' dir='ltr'>nec</span> <span class='ocrx_word' id='word_1_124' title='bbox 872 2289 945 2348; x_wconf 89' lang='lat' dir='ltr'>talia</span> <span class='ocrx_word' id='word_1_125' title='bbox 958 2306 1066 2365; x_wconf 86' lang='lat' dir='ltr'>passus</span> <span class='ocrx_word' id='word_1_126' title='bbox 1080 2288 1196 2363; x_wconf 82' lang='lat' dir='ltr'>Ulixes,</span> 
     </span>
     <span class='ocr_line' id='line_1_20' title="bbox 398 2380 1104 2443; baseline -0.006 0"><span class='ocrx_word' id='word_1_127' title='bbox 398 2382 555 2443; x_wconf 89' lang='lat' dir='ltr'>Oblitusve</span> <span class='ocrx_word' id='word_1_128' title='bbox 569 2381 616 2441; x_wconf 88' lang='lat' dir='ltr'>sui</span> <span class='ocrx_word' id='word_1_129' title='bbox 629 2391 676 2441; x_wconf 91' lang='lat' dir='ltr'>est</span> <span class='ocrx_word' id='word_1_130' title='bbox 689 2381 812 2441; x_wconf 86' lang='lat' dir='ltr'>Ithacus</span> <span class='ocrx_word' id='word_1_131' title='bbox 826 2380 999 2441; x_wconf 80' lang='lat' dir='ltr'>discrimine</span> <span class='ocrx_word' id='word_1_132' title='bbox 1012 2390 1104 2441; x_wconf 86' lang='lat' dir='ltr'>tanto.</span> 
     </span>
    </p>

    <p class='ocr_par' dir='ltr' id='par_1_11' title="bbox 399 2474 1190 2733">
     <span class='ocr_line' id='line_1_21' title="bbox 399 2474 1159 2551; baseline 0 -17"><span class='ocrx_word' id='word_1_133' title='bbox 399 2476 478 2534; x_wconf 89' lang='lat' dir='ltr'>Nam</span> <span class='ocrx_word' id='word_1_134' title='bbox 492 2474 579 2534; x_wconf 90' lang='lat' dir='ltr'>simul</span> <span class='ocrx_word' id='word_1_135' title='bbox 593 2475 729 2551; x_wconf 86' lang='lat' dir='ltr'>expletus</span> <span class='ocrx_word' id='word_1_136' title='bbox 743 2474 870 2551; x_wconf 88' lang='lat' dir='ltr'>dapibus</span> <span class='ocrx_word' id='word_1_137' title='bbox 880 2474 1011 2551; x_wconf 87' lang='lat' dir='ltr'>vinoque</span> <span class='ocrx_word' id='word_1_138' title='bbox 1024 2474 1159 2551; x_wconf 87' lang='lat' dir='ltr'>sepultus</span> 
     </span>
     <span class='ocr_line' id='line_1_22' title="bbox 399 2566 1190 2646; baseline -0.001 -18"><span class='ocrx_word' id='word_1_139' title='bbox 399 2568 552 2628; x_wconf 90' lang='lat' dir='ltr'>Cervicem</span> <span class='ocrx_word' id='word_1_140' title='bbox 566 2566 705 2626; x_wconf 82' lang='lat' dir='ltr'>inflexam</span> <span class='ocrx_word' id='word_1_141' title='bbox 718 2567 828 2643; x_wconf 88' lang='lat' dir='ltr'>posuit,</span> <span class='ocrx_word' id='word_1_142' title='bbox 840 2566 992 2646; x_wconf 86' lang='lat' dir='ltr'>jacuitque</span> <span class='ocrx_word' id='word_1_143' title='bbox 1005 2585 1060 2644; x_wconf 90' lang='lat' dir='ltr'>per</span> <span class='ocrx_word' id='word_1_144' title='bbox 1072 2578 1190 2627; x_wconf 70' lang='lat' dir='ltr'>munta</span> 
     </span>
     <span class='ocr_line' id='line_1_23' title="bbox 399 2660 1149 2733; baseline -0.003 -12"><span class='ocrx_word' id='word_1_145' title='bbox 399 2663 577 2733; x_wconf 88' lang='lat' dir='ltr'>Immensus,</span> <span class='ocrx_word' id='word_1_146' title='bbox 593 2660 707 2719; x_wconf 88' lang='lat' dir='ltr'>saniem</span> <span class='ocrx_word' id='word_1_147' title='bbox 722 2669 860 2719; x_wconf 86' lang='lat' dir='ltr'>eructans</span> <span class='ocrx_word' id='word_1_148' title='bbox 873 2670 905 2719; x_wconf 89' lang='lat' dir='ltr'>et</span> <span class='ocrx_word' id='word_1_149' title='bbox 918 2661 1011 2719; x_wconf 84' lang='lat' dir='ltr'>fmsta</span> <span class='ocrx_word' id='word_1_150' title='bbox 1025 2670 1149 2720; x_wconf 84' lang='lat' dir='ltr'>cruento</span> 
     </span>
    </p>

    <p class='ocr_par' dir='ltr' id='par_1_12' title="bbox 399 2748 1223 3199">
     <span class='ocr_line' id='line_1_24' title="bbox 399 2748 1223 2831; baseline 0 -19"><span class='ocrx_word' id='word_1_151' title='bbox 399 2755 457 2813; x_wconf 91' lang='lat' dir='ltr'>Per</span> <span class='ocrx_word' id='word_1_152' title='bbox 470 2771 607 2812; x_wconf 89' lang='lat' dir='ltr'>somnum</span> <span class='ocrx_word' id='word_1_153' title='bbox 620 2751 782 2811; x_wconf 87' lang='lat' dir='ltr'>commixta</span> <span class='ocrx_word' id='word_1_154' title='bbox 794 2769 886 2825; x_wconf 88' lang='lat' dir='ltr'>mero,</span> <span class='ocrx_word' id='word_1_155' title='bbox 901 2767 968 2825; x_wconf 85' lang='lat' dir='ltr'>nos,</span> <span class='ocrx_word' id='word_1_156' title='bbox 983 2772 1094 2831; x_wconf 86' lang='lat' dir='ltr'>magna</span> <span class='ocrx_word' id='word_1_157' title='bbox 1106 2748 1223 2829; x_wconf 88' lang='lat' dir='ltr'>precati</span> 
     </span>
     <span class='ocr_line' id='line_1_25' title="bbox 400 2844 1150 2921; baseline 0.001 -16"><span class='ocrx_word' id='word_1_158' title='bbox 400 2845 532 2905; x_wconf 89' lang='lat' dir='ltr'>Numina</span> <span class='ocrx_word' id='word_1_159' title='bbox 545 2845 700 2921; x_wconf 89' lang='lat' dir='ltr'>sortitique</span> <span class='ocrx_word' id='word_1_160' title='bbox 713 2844 803 2917; x_wconf 87' lang='lat' dir='ltr'>vices,</span> <span class='ocrx_word' id='word_1_161' title='bbox 818 2864 880 2903; x_wconf 88' lang='lat' dir='ltr'>una</span> <span class='ocrx_word' id='word_1_162' title='bbox 892 2844 1026 2921; x_wconf 90' lang='lat' dir='ltr'>undique</span> <span class='ocrx_word' id='word_1_163' title='bbox 1039 2845 1150 2906; x_wconf 88' lang='lat' dir='ltr'>circum</span> 
     </span>
     <span class='ocr_line' id='line_1_26' title="bbox 401 2937 1120 3012; baseline 0 -15"><span class='ocrx_word' id='word_1_164' title='bbox 401 2938 573 3011; x_wconf 89' lang='lat' dir='ltr'>Fundimur,</span> <span class='ocrx_word' id='word_1_165' title='bbox 589 2947 620 2997; x_wconf 87' lang='lat' dir='ltr'>et</span> <span class='ocrx_word' id='word_1_166' title='bbox 633 2937 694 2997; x_wconf 88' lang='lat' dir='ltr'>telo</span> <span class='ocrx_word' id='word_1_167' title='bbox 708 2937 810 2996; x_wconf 89' lang='lat' dir='ltr'>lumen</span> <span class='ocrx_word' id='word_1_168' title='bbox 824 2937 1008 2997; x_wconf 84' lang='lat' dir='ltr'>terebramus</span> <span class='ocrx_word' id='word_1_169' title='bbox 1022 2948 1120 3012; x_wconf 73' lang='lat' dir='ltr'>acuto,</span> 
     </span>
     <span class='ocr_line' id='line_1_27' title="bbox 401 3029 1142 3109; baseline 0 -19"><span class='ocrx_word' id='word_1_170' title='bbox 401 3032 522 3109; x_wconf 83' lang='lat' dir='ltr'>Ingens,</span> <span class='ocrx_word' id='word_1_171' title='bbox 538 3030 619 3107; x_wconf 93' lang='lat' dir='ltr'>quod</span> <span class='ocrx_word' id='word_1_172' title='bbox 633 3040 716 3089; x_wconf 78' lang='lat' dir='ltr'>torva</span> <span class='ocrx_word' id='word_1_173' title='bbox 729 3030 826 3089; x_wconf 88' lang='lat' dir='ltr'>solum</span> <span class='ocrx_word' id='word_1_174' title='bbox 840 3030 897 3089; x_wconf 89' lang='lat' dir='ltr'>sub</span> <span class='ocrx_word' id='word_1_175' title='bbox 910 3029 1007 3091; x_wconf 80' lang='lat' dir='ltr'>fronte</span> <span class='ocrx_word' id='word_1_176' title='bbox 1020 3030 1142 3104; x_wconf 71' lang='lat' dir='ltr'>latebat,</span> 
     </span>
     <span class='ocr_line' id='line_1_28' title="bbox 399 3120 1152 3199; baseline 0 -18"><span class='ocrx_word' id='word_1_177' title='bbox 399 3120 533 3199; x_wconf 88' lang='lat' dir='ltr'>Argolici</span> <span class='ocrx_word' id='word_1_178' title='bbox 547 3120 636 3198; x_wconf 90' lang='lat' dir='ltr'>clipei</span> <span class='ocrx_word' id='word_1_179' title='bbox 649 3130 701 3180; x_wconf 85' lang='lat' dir='ltr'>aut</span> <span class='ocrx_word' id='word_1_180' title='bbox 714 3121 874 3181; x_wconf 88' lang='lat' dir='ltr'>Phoebeae</span> <span class='ocrx_word' id='word_1_181' title='bbox 887 3120 1035 3198; x_wconf 83' lang='lat' dir='ltr'>lampadis</span> <span class='ocrx_word' id='word_1_182' title='bbox 1049 3122 1152 3195; x_wconf 81' lang='lat' dir='ltr'>instar,</span> 
     </span>
    </p>

    <p class='ocr_par' dir='ltr' id='par_1_13' title="bbox 401 3212 1147 3275">
     <span class='ocr_line' id='line_1_29' title="bbox 401 3212 1147 3275; baseline 0.003 -3"><span class='ocrx_word' id='word_1_183' title='bbox 401 3215 441 3273; x_wconf 92' lang='lat' dir='ltr'>Et</span> <span class='ocrx_word' id='word_1_184' title='bbox 454 3213 575 3273; x_wconf 85' lang='lat' dir='ltr'>tandem</span> <span class='ocrx_word' id='word_1_185' title='bbox 590 3213 660 3273; x_wconf 88' lang='lat' dir='ltr'>laeti</span> <span class='ocrx_word' id='word_1_186' title='bbox 673 3212 822 3273; x_wconf 88' lang='lat' dir='ltr'>sociorum</span> <span class='ocrx_word' id='word_1_187' title='bbox 832 3214 1147 3275; x_wconf 48' lang='lat' dir='ltr'>‘ulciseirnurwnbras</span> 
     </span>
    </p>

    <p class='ocr_par' dir='ltr' id='par_1_14' title="bbox 400 3305 1283 3848">
     <span class='ocr_line' id='line_1_30' title="bbox 402 3305 1224 3385; baseline 0 -17"><span class='ocrx_word' id='word_1_188' title='bbox 402 3308 463 3368; x_wconf 88' lang='lat' dir='ltr'>Sed</span> <span class='ocrx_word' id='word_1_189' title='bbox 476 3305 576 3385; x_wconf 87' lang='lat' dir='ltr'>sugite,</span> <span class='ocrx_word' id='word_1_190' title='bbox 592 3325 611 3367; x_wconf 95' lang='lat' dir='ltr'>o</span> <span class='ocrx_word' id='word_1_191' title='bbox 625 3305 733 3380; x_wconf 88' lang='lat' dir='ltr'>miseri,</span> <span class='ocrx_word' id='word_1_192' title='bbox 748 3306 850 3385; x_wconf 82' lang='lat' dir='ltr'>fugite,</span> <span class='ocrx_word' id='word_1_193' title='bbox 865 3317 955 3384; x_wconf 90' lang='lat' dir='ltr'>atque</span> <span class='ocrx_word' id='word_1_194' title='bbox 968 3308 1008 3366; x_wconf 92' lang='lat' dir='ltr'>ab</span> <span class='ocrx_word' id='word_1_195' title='bbox 1022 3307 1108 3367; x_wconf 89' lang='lat' dir='ltr'>litore</span> <span class='ocrx_word' id='word_1_196' title='bbox 1122 3307 1224 3368; x_wconf 86' lang='lat' dir='ltr'>funem</span> 
     </span>
     <span class='ocr_line' id='line_1_31' title="bbox 401 3400 1269 3478; baseline 0 -18"><span class='ocrx_word' id='word_1_197' title='bbox 401 3400 552 3478; x_wconf 88' lang='lat' dir='ltr'>Rumpite.</span> <span class='ocrx_word' id='word_1_198' title='bbox 1266 3470 1269 3476; x_wconf 18' lang='lat'>²</span> 
     </span>
     <span class='ocr_line' id='line_1_32' title="bbox 400 3490 1242 3571; baseline 0.002 -18"><span class='ocrx_word' id='word_1_199' title='bbox 400 3493 481 3553; x_wconf 74' lang='lat' dir='ltr'>:Nam</span> <span class='ocrx_word' id='word_1_200' title='bbox 496 3490 591 3569; x_wconf 86' lang='lat' dir='ltr'>qualis</span> <span class='ocrx_word' id='word_1_201' title='bbox 604 3500 793 3569; x_wconf 68' lang='lat' dir='ltr'>quantamque</span> <span class='ocrx_word' id='word_1_202' title='bbox 806 3510 880 3552; x_wconf 80' lang='lat' dir='ltr'>cavo</span> <span class='ocrx_word' id='word_1_203' title='bbox 895 3492 1095 3571; x_wconf 79' lang='lat' dir='ltr'>Polyphemus</span> <span class='ocrx_word' id='word_1_204' title='bbox 1109 3491 1141 3552; x_wconf 88' lang='lat' dir='ltr'>in</span> <span class='ocrx_word' id='word_1_205' title='bbox 1155 3501 1242 3555; x_wconf 87' lang='lat' dir='ltr'>antro</span> 
     </span>
     <span class='ocr_line' id='line_1_33' title="bbox 402 3583 1283 3663; baseline 0 -18"><span class='ocrx_word' id='word_1_206' title='bbox 402 3585 563 3663; x_wconf 87' lang='lat' dir='ltr'>Lanigeras</span> <span class='ocrx_word' id='word_1_207' title='bbox 577 3583 689 3644; x_wconf 90' lang='lat' dir='ltr'>claudit</span> <span class='ocrx_word' id='word_1_208' title='bbox 701 3585 834 3661; x_wconf 83' lang='lat' dir='ltr'>pecudes</span> <span class='ocrx_word' id='word_1_209' title='bbox 846 3595 937 3661; x_wconf 91' lang='lat' dir='ltr'>atque</span> <span class='ocrx_word' id='word_1_210' title='bbox 950 3585 1044 3645; x_wconf 86' lang='lat' dir='ltr'>ubera</span> <span class='ocrx_word' id='word_1_211' title='bbox 1056 3595 1180 3662; x_wconf 85' lang='lat' dir='ltr'>pressat,</span> <span class='ocrx_word' id='word_1_212' title='bbox 1281 3594 1283 3599; x_wconf 88' lang='lat'>&#39;</span> 
     </span>
     <span class='ocr_line' id='line_1_34' title="bbox 403 3675 1193 3756; baseline 0 -20"><span class='ocrx_word' id='word_1_213' title='bbox 403 3677 532 3736; x_wconf 92' lang='lat' dir='ltr'>Centum</span> <span class='ocrx_word' id='word_1_214' title='bbox 546 3675 597 3735; x_wconf 89' lang='lat' dir='ltr'>alii</span> <span class='ocrx_word' id='word_1_215' title='bbox 610 3693 699 3736; x_wconf 86' lang='lat' dir='ltr'>curva</span> <span class='ocrx_word' id='word_1_216' title='bbox 712 3675 787 3736; x_wconf 79' lang='lat' dir='ltr'>haec</span> <span class='ocrx_word' id='word_1_217' title='bbox 800 3676 938 3736; x_wconf 83' lang='lat' dir='ltr'>habitant</span> <span class='ocrx_word' id='word_1_218' title='bbox 950 3675 989 3735; x_wconf 86' lang='lat' dir='ltr'>ad</span> <span class='ocrx_word' id='word_1_219' title='bbox 1003 3676 1091 3736; x_wconf 84' lang='lat' dir='ltr'>litora</span> <span class='ocrx_word' id='word_1_220' title='bbox 1102 3678 1193 3756; x_wconf 82' lang='lat' dir='ltr'>vulgo</span> 
     </span>
     <span class='ocr_line' id='line_1_35' title="bbox 402 3768 1099 3848; baseline 0.001 -19"><span class='ocrx_word' id='word_1_221' title='bbox 402 3769 524 3829; x_wconf 86' lang='lat' dir='ltr'>Infandi</span> <span class='ocrx_word' id='word_1_222' title='bbox 537 3770 686 3848; x_wconf 84' lang='lat' dir='ltr'>Cyclopes</span> <span class='ocrx_word' id='word_1_223' title='bbox 700 3779 730 3828; x_wconf 88' lang='lat' dir='ltr'>et</span> <span class='ocrx_word' id='word_1_224' title='bbox 743 3768 812 3830; x_wconf 87' lang='lat' dir='ltr'>altis</span> <span class='ocrx_word' id='word_1_225' title='bbox 825 3769 977 3830; x_wconf 90' lang='lat' dir='ltr'>montibus</span> <span class='ocrx_word' id='word_1_226' title='bbox 991 3779 1099 3830; x_wconf 80' lang='lat' dir='ltr'>errant</span> 
     </span>
    </p>

    <p class='ocr_par' dir='ltr' id='par_1_15' title="bbox 401 3860 1148 4033">
     <span class='ocr_line' id='line_1_36' title="bbox 401 3860 1148 3940; baseline 0.003 -18"><span class='ocrx_word' id='word_1_227' title='bbox 401 3861 503 3922; x_wconf 91' lang='lat' dir='ltr'>Tertia</span> <span class='ocrx_word' id='word_1_228' title='bbox 514 3863 576 3938; x_wconf 89' lang='lat' dir='ltr'>jam</span> <span class='ocrx_word' id='word_1_229' title='bbox 590 3862 678 3922; x_wconf 90' lang='lat' dir='ltr'>lunae</span> <span class='ocrx_word' id='word_1_230' title='bbox 691 3880 725 3921; x_wconf 90' lang='lat' dir='ltr'>se</span> <span class='ocrx_word' id='word_1_231' title='bbox 739 3880 851 3922; x_wconf 88' lang='lat' dir='ltr'>oornua</span> <span class='ocrx_word' id='word_1_232' title='bbox 863 3860 974 3922; x_wconf 89' lang='lat' dir='ltr'>lumine</span> <span class='ocrx_word' id='word_1_233' title='bbox 988 3864 1148 3940; x_wconf 73' lang='lat' dir='ltr'>complent.</span> 
     </span>
     <span class='ocr_line' id='line_1_37' title="bbox 402 3954 1111 4033; baseline 0.001 -17"><span class='ocrx_word' id='word_1_234' title='bbox 402 3956 504 4033; x_wconf 88' lang='lat' dir='ltr'>Quum</span> <span class='ocrx_word' id='word_1_235' title='bbox 516 3954 607 4015; x_wconf 85' lang='lat' dir='ltr'>vitam</span> <span class='ocrx_word' id='word_1_236' title='bbox 620 3954 652 4014; x_wconf 85' lang='lat' dir='ltr'>in</span> <span class='ocrx_word' id='word_1_237' title='bbox 665 3954 749 4016; x_wconf 79' lang='lat' dir='ltr'>silvis</span> <span class='ocrx_word' id='word_1_238' title='bbox 762 3954 839 4017; x_wconf 78' lang='lat' dir='ltr'>moer</span> <span class='ocrx_word' id='word_1_239' title='bbox 851 3954 971 4017; x_wconf 75' lang='lat' dir='ltr'>desem</span> <span class='ocrx_word' id='word_1_240' title='bbox 982 3956 1111 4018; x_wconf 74' lang='lat' dir='ltr'>semrom</span> 
     </span>
    </p>
   </div>
   <div class='ocr_carea' id='block_1_6' title="bbox 0 0 1786 4859">
    <p class='ocr_par' dir='ltr' id='par_1_16' title="bbox 0 0 1786 4859">
     <span class='ocr_line' id='line_1_38' title="bbox 0 0 1786 4859; baseline 0 0"><span class='ocrx_word' id='word_1_241' title='bbox 0 0 1786 4859; x_wconf 95' lang='lat' dir='ltr'> </span> 
     </span>
    </p>
   </div>
  </div>
 </body>
</html>
