3550 4859
446 542 491 616 48
771 555 807 603 re·
830 557 932 603 ovum
952 557 1089 603 uisum
1115 589 1119 594 .

445 704 567 780 Oraque
580 721 643 764 non
655 703 772 781 pressit,
788 704 847 763 sibi
860 714 1020 781 postquam
1034 704 1156 781 spiritus
1171 702 1239 764 exit
1264 724 1268 730 ·
1393 707 1398 716 ’
1414 708 1419 722 ’

446 797 654 857 Haecfrustrn
666 797 783 875 fugiens
797 798 960 870 collabitur,
976 798 1028 857 illa
1041 797 1134 858 sorori
1377 819 1432 863 m.

445 888 636 963 Immoritur5
656 891 728 949 latet
741 891 823 963 haec,
839 890 921 949 illam
934 890 1084 967 trepidare
1096 890 1221 950 videres

445 984 562 1059 Sexque
576 982 654 1042 datis
669 984 730 1042 leto
744 982 921 1059 diversaque
935 982 1058 1043 vulnera
1071 982 1178 1060 passis,

445 1076 562 1136 Ultima
575 1076 706 1136 restabat
714 1095 723 1149 ;
743 1094 832 1151 quam
846 1085 911 1135 toto
924 1094 1049 1152 corpore
1063 1086 1158 1135 mater

445 1170 525 1229 Tota
538 1178 620 1227 veste
635 1178 748 1246 tegens,
763 1168 867 1227 Unam
880 1167 1094 1245 minimamque
1107 1168 1262 1245 relinquet

446 1262 495 1321 De
509 1260 610 1321 multis
622 1261 777 1319 minimam
790 1279 893 1337 posco,
908 1261 1055 1334 clamavit,
1071 1270 1102 1320 et
1115 1280 1214 1320 unam.
1385 1283 1424 1322 so·

446 1355 588 1430 Dumque
601 1363 695 1431 rogat,
709 1372 764 1430 pro
779 1372 839 1429 qua
849 1363 944 1431 rogat,
958 1353 1078 1414 occidit
1121 1353 1205 1414 Orba
1218 1352 1332 1414 resedit
1421 1359 1426 1366 '

447 1446 608 1507 Exanimes
622 1446 699 1506 inter
713 1456 799 1506 natos
813 1456 959 1522 natasque
972 1445 1135 1523 virumque,

447 1540 635 1619 Diriguitque
648 1539 735 1598 malis
748 1561 755 1598 :
774 1539 873 1599 nullos
887 1548 989 1599 movet
1001 1558 1073 1599 aura
1085 1538 1220 1615 capillos,

447 1635 486 1692 In
499 1633 582 1692 vultu
596 1631 678 1691 color
692 1632 816 1692 estsine
830 1632 985 1710 sauguine,
1000 1632 1114 1691 lumiun
1127 1632 1252 1692 maestis

448 1727 534 1786 Stant
548 1725 670 1785 immota
683 1725 777 1803 genis,
792 1725 866 1784 nihil
880 1725 971 1784 estin
985 1724 1115 1802 imagine
1127 1725 1236 1785 vivum
1386 1746 1423 1787 π

447 1820 520 1895 Ipsa
533 1837 653 1895 quoque
666 1816 789 1878 interius
803 1836 871 1878 cum
885 1818 961 1877 duro
974 1818 1077 1896 lingua
1088 1818 1190 1895 palato

447 1912 604 1990 Congelat,
619 1921 650 1971 et
663 1929 757 1971 venae
771 1911 920 1970 desistunt
933 1929 1023 1987 posse
1036 1910 1171 1985 moveri;
1196 1971 1197 1974 ,

447 2006 514 2064 Nec
527 2003 606 2064 flecti
620 2004 728 2077 cervix,
742 2022 799 2063 nec
812 2003 935 2063 bmchia
949 2004 1075 2063 reddere
1088 2014 1198 2080 gestus,

447 2099 514 2157 Nec
527 2115 581 2174 pes
595 2097 638 2157 ire
650 2097 752 2174 po'tcst
761 2118 771 2171 3
790 2095 869 2155 iutra
881 2114 1003 2172 qunque
1016 2096 1131 2156 viscera
1143 2115 1247 2156 saxium
1260 2106 1315 2158 est

447 2189 515 2249 Flet
528 2200 637 2264 tamen,
653 2199 684 2249 et
696 2189 788 2249 validi
800 2189 984 2249 circumdata
996 2189 1115 2249 turbine
1128 2190 1211 2249 venti
1385 2217 1425 2257 ,ιο

447 2284 486 2343 In
499 2282 625 2359 patriam
638 2292 724 2359 repta
736 2291 802 2342 est:
821 2282 873 2341 ubi
886 2282 946 2341 fixa
959 2282 1113 2342 cacumine
1126 2282 1236 2342 montis

447 2374 593 2453 liquitur,
608 2385 640 2436 et
652 2373 787 2436 lacrimas
800 2374 892 2435 etiam
904 2393 985 2435 nunc
998 2393 1145 2436 marmora
1159 2384 1289 2435 manant

569 2510 588 2549 ὕ
744 2508 764 2548 i
923 2508 943 2547 ᾖ
1105 2508 1124 2547 ᾖ
1282 2507 1302 2547 ᾖ

744 2829 747 2835 ’
790 2840 939 2901 LIBER
966 2839 1077 2899 VIII.

565 3034 583 3072 1
745 3031 765 3071 ᾗ
919 3030 939 3069 Ι*
1099 3034 1120 3074 ᾖ
1276 3031 1296 3070 4
1307 3052 1310 3055 -

448 3119 621 3177 ΒΑΕυΑιυε
634 3116 748 3177 ueteres
761 3118 873 3178 Creten
886 3116 1070 3194 longumque
1083 3133 1208 3194 perosus

447 3210 585 3284 Exilium,
600 3220 756 3287 tactumque
770 3210 826 3270 soli
839 3210 948 3270 natalis
960 3228 1071 3283 amore,

448 3305 576 3365 Clausus
590 3313 653 3363 erat
665 3304 780 3381 pelago.
822 3305 932 3363 Terras
946 3303 1024 3377 licet,
1039 3301 1144 3379 inquit,
1159 3311 1190 3363 et
1202 3302 1299 3364 undas
1383 3313 1423 3366 18⁵

448 3397 599 3470 Obstruat,
614 3406 646 3456 at
658 3398 776 3456 coelum
789 3406 870 3455 certe
884 3405 985 3472 patet:
1005 3396 1115 3456 ibimus
1129 3396 1215 3456 illac!

448 3489 560 3552 Omnia
572 3490 732 3567 possident,
747 3509 809 3549 non
822 3490 957 3567 possidet
970 3491 1040 3548 adra
1054 3488 1175 3550 Minos!

449 3584 542 3657 Dixit,
557 3592 588 3643 et
600 3582 719 3661 ignotus
733 3582 865 3643 animum
878 3582 1001 3642 dimittit
1013 3582 1046 3640 in
1059 3591 1148 3655 artes,

443 3679 654 3753 'Naturamque
668 3684 776 3736 novat:
795 3694 866 3734 nam
879 3674 964 3751 pouit
977 3674 1009 3734 in
1022 3674 1127 3734 ordine
1140 3692 1257 3751 pennos

449 3769 616 3829 Aminima
628 3779 760 3845 coeptas,
774 3769 895 3846 longam
909 3767 1044 3828 breviore
1057 3776 1212 3844 sequente,
1388 3787 1428 3828 ιφ

449 3864 495 3924 Ut
508 3862 586 3922 clivo
599 3862 728 3921 crevisse
742 3871 837 3938 putes
879 3860 929 3921 Sic
941 3860 1052 3920 rustica
1065 3860 1218 3937 quondam

451 3955 565 4017 Fistula
578 3954 747 4033 disparibus
759 3953 913 4031 paullatim
927 3953 1020 4033 surgit
1032 3953 1145 4033 avenis.
