3550 4859
711 553 919 600 numum.
935 554 1000 600 ue
1019 554 1058 604 11.

400 701 598 778 Fluminaque
608 710 641 761 et
653 700 800 778 nymphus
812 709 845 762 et
858 711 959 764 cetere
970 699 1097 762 mimine
1106 699 1188 760 uuis.

400 800 488 857 Haec
502 814 590 872 super
603 791 744 871 imposita
756 804 803 855 est
812 792 893 855 ooeli
904 792 1046 871 fruger&
1059 791 1168 871 imago,

397 890 547 968 Signaque
562 905 616 947 sex
628 886 739 947 lorium
751 886 864 948 dextris
877 887 1064 963 totidemque
1080 885 1214 952 drutus

398 985 469 1060 Quo
484 981 571 1043 simul
586 979 700 1041 acoliro
714 979 890 1057 Clymeneia
903 978 998 1042 limite
1010 980 1111 1057 proles

398 1075 499 1149 Venit,
514 1085 545 1135 et
558 1072 677 1135 intumuit
691 1072 819 1136 dubitati
831 1083 913 1134 tectu
926 1074 1067 1151 parentis,

398 1168 539 1229 Protinus
550 1167 592 1228 sd
604 1166 718 1244 patrius
731 1184 785 1227 sus
797 1168 855 1227 fert
866 1166 992 1245 vestigia
1004 1168 1113 1240 rulers,

399 1260 605 1337 Consistitque
617 1260 740 1337 procul:
760 1279 859 1336 neque
873 1259 955 1321 euim
968 1258 1108 1338 propiora
1120 1258 1235 1324 terebat

398 1354 534 1415 Lumina.
578 1356 729 1430 Purpurea
741 1352 856 1413 velatus
869 1363 952 1414 reste
970 1353 1096 1416 redebet

398 1451 438 1510 In
452 1447 529 1509 solio
542 1446 683 1516 Phoebus
696 1445 783 1506 claris
796 1446 916 1508 luoente
929 1444 1099 1523 smaragdis.

380 1573 384 1584 ·
397 1544 427 1601 A
441 1542 545 1602 dextra
559 1541 702 1616 laevaque
716 1539 791 1599 Dies
804 1548 835 1599 et
849 1537 966 1599 Mensis
980 1549 1011 1599 et
1023 1540 1132 1600 Annus
1351 1564 1377 1605 ns

398 1634 630 1711 Saeculaqueet
639 1631 757 1710 positae
769 1630 873 1709 spatiis
887 1631 1061 1709 aequalibus
1076 1634 1192 1707 Home,

398 1729 519 1805 Verque
533 1743 645 1787 novum
656 1727 756 1787 stabat
769 1724 902 1786 cinctum
915 1725 1041 1787 florente
1050 1714 1168 1788 'corona
1175 1745 1187 1801 3

398 1823 503 1882 Stabat
517 1820 598 1880 nuda
611 1821 719 1880 Aestus
732 1828 763 1880 et
776 1818 879 1897 spioea
892 1828 970 1879 serta
983 1819 1123 1896 gerebat3

396 1909 504 1975 Stabat
517 1923 548 1975 et
560 1915 729 1973 Autumnus
742 1911 863 1973 calcetis
876 1912 1016 1973 sordidus
1029 1910 1104 1986 uris,

399 2009 440 2070 Et
452 2006 584 2085 glacialis
598 2005 717 2081 Hiems,
732 2024 825 2066 canos
838 2004 953 2066 hirsuta
965 2004 1099 2082 capillos

399 2101 478 2162 Inde
492 2101 561 2161 loco
569 2098 691 2176 medius
703 2117 801 2159 rerum
814 2098 947 2160 nouitate
961 2108 1119 2175 paventem

398 2194 452 2255 Sol
465 2193 559 2255 oculis
571 2194 720 2270 juvenem,
735 2191 844 2269 quibus
857 2190 986 2269 adspicit
999 2190 1109 2265 omniu,
1117 2188 1206 2266 vidit,

399 2288 546 2364 Quaeque
559 2285 625 2346 viae
635 2285 693 2347 tibi
706 2288 816 2347 musal
836 2284 910 2362 quid
923 2285 989 2359 lise,
1005 2284 1054 2360 ait,
1069 2302 1136 2346 erce
1150 2282 1260 2363 petisti,

399 2379 569 2459 Progenies,
585 2379 751 2453 Phaethon,
766 2379 847 2442 baud
860 2378 1018 2440 mutiendn
1030 2376 1170 2456 parentii

399 2475 457 2535 Ille
471 2474 577 2534 refert:
598 2473 627 2535 Ο
641 2473 692 2532 lux
705 2471 843 2533 immensi
856 2472 977 2550 publiea
989 2471 1103 2547 mundi,

398 2568 524 2628 Phoebe
537 2577 630 2644 pater,
645 2565 671 2625 si
684 2565 739 2626 das
752 2566 840 2642 hujus
853 2564 927 2626 mihi
940 2564 1071 2626 nominis
1083 2584 1172 2626 usum

399 2663 467 2721 Nec
480 2661 555 2720 falsa
568 2660 713 2737 Clymene
726 2659 846 2735 culpam
859 2659 916 2719 sub
929 2658 1059 2736 imagine
1072 2660 1159 2733 celet,

400 2754 531 2833 Pignore
544 2752 593 2827 de,
607 2751 732 2829 genitor,
747 2770 801 2829 per
814 2770 891 2828 quae
904 2762 957 2813 tun
969 2771 1038 2814 vera
1051 2770 1186 2829 propago

399 2847 523 2921 Credat,
539 2857 570 2907 et
583 2844 663 2905 hunc
676 2844 783 2905 animis
796 2863 926 2905 errorem
938 2844 1063 2907 detrahe
1074 2844 1193 2910 nostris.

400 2939 544 3014 Dixerat3
564 2948 595 3000 at
608 2936 725 3015 genitor
737 2937 847 2999 circum
861 2949 952 3015 caput
965 2956 1056 3000 omne
1069 2938 1223 3013 micantes,
1337 2983 1350 2993 .,

399 3030 549 3109 Deposuit
561 3030 660 3091 radios
674 3030 854 3109 propiusque
868 3032 1012 3094 recedere
1024 3031 1121 3110 jessit,

397 3125 610 3203 Ammexuque
619 3125 704 3198 doto,
720 3126 786 3185 Nec
800 3135 832 3185 tu
846 3144 933 3187 meus
947 3145 1013 3187 esse
1026 3124 1128 3202 negari

399 3218 518 3296 Dignus
531 3237 572 3291 es,
588 3229 619 3279 et
633 3218 778 3295 Clymene
791 3223 886 3293 venos,
901 3219 952 3294 eit,
967 3218 1062 3281 edidit
1075 3229 1177 3293 ottust

398 3312 532 3388 Quoque
545 3310 643 3371 minus
657 3310 787 3386 dubites,
800 3312 929 3390 quodvis
941 3322 1013 3390 pete
1023 3330 1143 3385 munus,
1156 3321 1188 3376 et
1201 3309 1276 3376 illud

399 3406 456 3465 Me
470 3404 618 3468 tribuente
631 3405 727 3466 sees:
747 3405 886 3483 promissi
900 3404 984 3467 testis
997 3405 1103 3468 adesto

399 3496 458 3557 Dis
469 3499 597 3575 juranda
610 3499 703 3576 palus,
719 3498 814 3559 oculis
828 3498 982 3577 incognite
994 3497 1111 3559 nostris

397 3591 461 3650 Vix
473 3592 553 3652 bene
567 3592 703 3666 desiemt,
717 3611 821 3652 currus
834 3591 910 3669 petit
922 3591 973 3652 ille
986 3601 1128 3669 putemus

400 3685 499 3760 Inque
513 3684 595 3746 diem
609 3685 760 3763 alipedum
771 3685 821 3764 jus
834 3695 865 3746 et
877 3685 1072 3745 moderamen
1085 3702 1238 3761 equorum.

399 3776 554 3839 Poenituit
564 3779 679 3856 jurasse
692 3788 815 3855 petrem,
831 3777 883 3855 qui
897 3789 1000 3855 terque
1013 3786 1177 3854 quaterque

400 3870 589 3932 Concutiens
600 3870 712 3932 illustre
725 3882 824 3949 oerput,
839 3870 1022 3944 Temeraria,
1032 3869 1117 3944 dirn't,

398 3966 472 4026 Vox
484 3983 554 4026 mee
565 3964 645 4025 fecte
656 3973 776 4025 mest.
818 3962 945 4036 Uu'nem
955 3962 1219 4043 promeritoeret
