3550 4859
406 551 470 613 ψ’
720 555 746 600 r».
766 553 903 599 vinoun
915 554 1064 600 morus

402 701 491 761 Visus
506 700 611 761 adesse
625 700 709 775 mihi,¹
721 700 878 777 largosque
893 699 1046 759 effundere
1061 698 1158 773 fletus,

403 794 551 871 Raptatus
565 794 651 872 bigis,
667 804 700 853 ut
713 793 874 869 quondam,
889 801 1012 869 aterque
1026 802 1149 851 cruento

403 888 538 960 Pulvere,
554 906 664 963 perque
678 886 773 963 pedes
786 886 927 964 trajectus
942 886 1004 944 lora
1017 894 1175 945 tumentes.

399 980 466 1040 'Hei
481 980 561 1052 mihi,
576 975 671 1056 qualis
685 982 765 1038 eratl
787 988 931 1054 quantum
945 987 1076 1038 mutatus
1088 979 1128 1038 ab
1141 977 1195 1036 illo

403 1076 547 1146 Hectore,
562 1071 613 1149 qui
627 1072 704 1131 redit
717 1072 837 1131 exuvias
851 1071 973 1131 indutus
988 1070 1107 1145 Achilli,

401 1166 460 1226 Vel
476 1168 613 1225 Danaum
629 1165 773 1243 Phrygios
790 1164 937 1243 jacadatus
951 1164 1103 1241 puppibus
1116 1163 1221 1241 ignes}

404 1260 596 1336 squalentem
610 1257 734 1317 barbam
748 1268 779 1316 et
792 1267 950 1317 concretos
966 1257 1110 1335 sanguine
1124 1260 1222 1322 crines

401 1352 592 1427 Vulneraque
606 1350 658 1410 illa
670 1369 784 1427 gerenS,
800 1369 877 1426 quae
891 1349 1002 1410 circum
1016 1352 1142 1428 plurima
1154 1373 1255 1416 manos

402 1445 531 1522 Accepit
544 1442 663 1521 patrios
706 1444 795 1503 Ultro
809 1444 885 1503 flens
899 1444 964 1521 ipse
977 1444 1102 1504 videbar

403 1538 593 1616 Compellare
607 1537 702 1597 vinun
716 1544 746 1595 et
759 1547 889 1597 maestas
904 1556 1077 1615 expromere
1089 1557 1201 1600 voces:

403 1633 431 1693 Ο
446 1633 496 1691 lux
511 1630 689 1704 Dardaniae,
705 1648 775 1707 spes
790 1649 809 1689 o
822 1630 969 1691 fidissima
983 1634 1142 1706 Teucrum,

402 1726 489 1800 Quae
504 1736 604 1785 tantae
619 1733 741 1783 tenuere
755 1726 875 1783 morae?
897 1725 1004 1801 quibus
1019 1727 1135 1784 Hector
1147 1726 1188 1785 ab
1200 1726 1262 1787 oris

403 1818 582 1895 Exspectate
596 1817 703 1878 venis?
722 1826 756 1877 ut
770 1826 799 1877 te
813 1827 883 1894 post
897 1814 992 1878 multa
1004 1827 1122 1877 tuorum
1159 1865 1162 1870 .

402 1911 526 1985 Funera,
543 1920 611 1987 post
624 1912 722 1971 varios
735 1909 948 1987 hominumque
963 1909 1104 1987 urbisque
1119 1911 1238 1974 labores

403 2003 523 2063 Defessi
538 2002 735 2080 adspicimus!
757 2022 834 2079 quae
848 2022 955 2062 mussa
967 2002 1090 2081 indigna
1103 2023 1226 2066 serenos
1309 2047 1312 2054 -
1379 2018 1383 2028 ’

403 2095 548 2156 Foedavit
561 2097 681 2156 vultus?
701 2104 752 2155 aut
764 2114 819 2155 cur
831 2097 907 2156 haec
920 2096 1045 2155 vulnera
1057 2101 1169 2158 cerno?

403 2190 461 2249 Ille
475 2189 557 2263 nihil,
573 2208 630 2248 nec
642 2207 691 2248 me
706 2198 900 2265 quaerentem
912 2207 991 2247 vana
1004 2200 1143 2264 moratur,

404 2283 465 2343 Sed
478 2281 606 2361 graviter
619 2282 747 2360 gemitus
761 2280 822 2340 imo
836 2280 874 2339 de
888 2289 1011 2356 pectore
1026 2281 1149 2357 ducens,

403 2378 476 2436 Heu
491 2377 567 2454 fuge,
582 2384 652 2433 nate
666 2375 731 2447 dea,
747 2383 836 2450 teque
851 2372 908 2445 his,
924 2371 973 2445 ait,
989 2372 1071 2450 eripe
1085 2374 1220 2438 flammis.

403 2469 512 2529 Hostis
526 2469 616 2527 habet
629 2485 750 2540 muros;
769 2466 828 2525 ruit
841 2466 903 2525 alto
917 2483 936 2524 a
949 2466 1080 2526 culmine
1094 2469 1195 2545 Troja.

402 2564 454 2623 Sat
467 2560 580 2639 patriae
595 2560 772 2635 Priamoque
786 2559 908 2617 datum:
929 2555 955 2618 si
969 2560 1115 2638 Pergama
1128 2562 1233 2624 dextra

404 2655 536 2715 Defendi
549 2664 681 2731 possent,
697 2652 788 2713 etiam
801 2654 859 2712 hac
873 2654 999 2712 defensa
1012 2653 1157 2717 risissent:

404 2749 494 2810 Sacra
508 2766 639 2824 suosque
653 2746 707 2806 tibi
720 2746 914 2806 commendat
927 2748 1018 2826 Troja
1032 2750 1180 2812 Penates:

403 2843 474 2901 Hos
489 2859 562 2918 cape
577 2841 702 2900 satorum
716 2840 851 2914 comites,
866 2839 914 2899 his
928 2841 1048 2900 moenia
1061 2860 1172 2917 quaere

403 2935 526 3012 Magna,
542 2943 694 3010 pererrato
708 2943 820 2993 statues
834 2950 912 3009 quae
925 2932 1057 3009 denique
1070 2945 1172 3012 ponto.

401 3026 455 3088 Sic
468 3026 517 3100 ait,
532 3036 563 3085 et
577 3026 715 3086 manibus
728 3025 817 3085 vittas
830 3028 1017 3103 Vestamque
1030 3036 1185 3105 potentem
1309 3022 1311 3029 ⁴

402 3123 627 3195 Aeternumque
641 3118 738 3197 adytis
751 3119 835 3178 effert
847 3120 1051 3196 penetralibus
1065 3121 1173 3198 ignem

445 3212 574 3272 Diverso
588 3211 702 3272 interea
715 3211 878 3271 miscentur
892 3212 1012 3272 moenia
1025 3213 1115 3287 luctu,

404 3307 444 3367 Et
457 3304 551 3383 magis
567 3314 656 3381 atque
669 3304 773 3383 magis,
789 3323 969 3381 quamquam
983 3316 1100 3366 secreta
1111 3306 1245 3383 parentis

403 3398 554 3458 Anchisae
569 3398 676 3457 domus
690 3397 905 3474 arboribusque
918 3399 1041 3458 obtecta
1054 3400 1188 3475 recessit,

403 3492 582 3553 clarescunt
596 3490 720 3564 sonitus,
735 3502 945 3568 armorumque
958 3491 1069 3571 ingruit
1081 3494 1194 3553 horror.

405 3583 547 3645 Excutior
560 3602 675 3658 somno,
690 3593 721 3643 et
734 3585 844 3644 summi
857 3586 974 3663 fastigia
986 3586 1058 3648 tecti

405 3680 544 3737 Ascensu
558 3695 675 3754 supero,
690 3687 781 3753 atque
794 3678 916 3739 arrectis
930 3678 1050 3739 auribus
1062 3678 1151 3739 adsto
1167 3700 1175 3739 e

405 3772 444 3831 In
458 3779 589 3848 segetem
602 3768 693 3829 veluti
708 3787 800 3845 quum
813 3771 933 3831 flamma
946 3771 1112 3832 furentibus
1127 3769 1234 3833 austris

405 3863 527 3937 Incidit,
542 3872 593 3922 aut
606 3862 728 3940 rapidus
741 3873 885 3923 montano
900 3864 1021 3924 flumine
1034 3875 1152 3926 torrens

396 3956 521 4018 *Sternit
534 3971 630 4036 agros,
645 3954 751 4016 sternit
764 3965 829 4017 sata
841 3956 922 4017 laete
934 3956 1086 4035 boumque
1099 3958 1228 4034 labores,
