3550 4859
397 583 455 631 ees·
601 552 605 560 ’
711 587 738 630 P.
757 581 892 629 nnurnr
911 579 1056 629 erasm
1155 582 1158 587 ·

398 735 486 792 Parte
500 730 599 809 prior;
619 741 733 809 partem
746 740 842 790 rostro
855 729 963 807 premit
977 729 1094 790 aemula
1107 726 1219 791 Pristis.

396 828 438 885 At
451 823 552 884 media
564 822 664 884 socios
678 822 821 883 incedens
834 838 912 881 nare
925 839 979 899 per
991 821 1073 899 ipsos

396 920 543 977 Hortatur
557 917 754 976 Mnestheus:
775 918 872 989 Nunc,
888 933 970 975 nunc
982 914 1123 993 insurgite
1136 915 1233 991 remis,

284 1034 289 1045 ·
397 1009 541 1071 Hectorei
556 1008 638 1083 socii,
654 1009 763 1088 Trojae
777 1025 855 1084 quos
869 1018 950 1068 sorte
963 1025 1102 1085 suprema
1334 1031 1374 1074 u·

397 1102 503 1181 Delegi
516 1102 663 1177 comites;
682 1119 762 1161 nunc
777 1102 844 1160 illas
858 1100 986 1177 promite
999 1102 1086 1177 vires,

396 1198 486 1257 Nunc
500 1194 624 1269 animos,
640 1194 749 1272 quibus
762 1193 793 1252 in
808 1193 944 1254 Gaetulis
959 1195 1093 1273 Syrtibus
1105 1193 1153 1256 usi

396 1288 545 1366 Ionioque
560 1288 634 1347 mari
649 1288 827 1363 Maleaeque
841 1286 1019 1363 sequacibus
1033 1287 1130 1348 undis.

396 1383 468 1443 Non
481 1384 543 1459 jam
557 1380 652 1458 prima
665 1391 736 1457 peto
752 1380 938 1453 Mnestheus,
954 1398 1053 1457 neque
1066 1381 1184 1442 vincere
1197 1389 1300 1455 cert03

396 1477 587 1551 Quamquam
595 1474 740 1534 ol—Sed
749 1482 897 1550 superent,
904 1474 1013 1552 quibus
1022 1475 1089 1549 hoc,
1097 1476 1247 1553 Neptune,
1254 1473 1375 1549 ded'utit

398 1570 554 1628 Extremus
568 1566 680 1644 pudeat
693 1565 834 1643 rediisse3
854 1567 914 1628 hoc
927 1566 1046 1642 vincite,
1061 1568 1152 1642 cives,
1337 1585 1376 1638 ses

397 1663 436 1720 Et
450 1660 606 1737 prohibete
620 1660 712 1720 nefas.
755 1657 816 1720 Olli
830 1660 992 1722 certamine
1005 1677 1123 1721 summo

397 1755 619 1827 Procumbunt3
637 1752 728 1813 vastis
742 1753 840 1814 tremit
853 1753 962 1815 ictibus
977 1771 1063 1815 aerea
1075 1752 1193 1832 puppis,

396 1845 640 1923 Subtrahiturque
654 1846 771 1922 solum3
791 1858 855 1907 turn
868 1848 972 1908 creber
985 1847 1132 1907 anhelitus
1146 1857 1226 1908 artus

397 1938 550 2015 Aridaque
563 1955 617 1999 ora
629 1940 743 2016 quatit3
763 1940 855 1999 sudor
866 1939 932 2002 lluit
944 1938 1168 2028 undiquetrivis.
1337 1957 1376 1996 sa

399 2031 508 2093 Attulit
522 2032 587 2111 ipse
600 2031 670 2092 viris
683 2042 818 2110 optatum
832 2051 921 2094 casus
935 2031 1090 2093 honorem.

398 2126 538 2202 Namque
552 2126 650 2186 furens
664 2125 755 2185 animi
769 2126 841 2186 dum
855 2143 974 2204 proram
987 2126 1026 2186 ad
1041 2145 1112 2187 saxa
1125 2128 1285 2205 suburguet

399 2218 528 2279 Interior
542 2219 697 2297 spatioque
711 2219 791 2280 subit
805 2221 958 2297 Sergestus
971 2218 1085 2297 iniquo,

322 2319 323 2322 ’
399 2311 508 2373 Infelix
521 2312 599 2373 saxis
612 2312 643 2372 in
658 2313 899 2390 procurrentibus
913 2313 1018 2375 haesit.

399 2406 571 2467 Concussae
585 2416 696 2480 cautes,
710 2417 741 2467 et
755 2417 843 2467 acuto
856 2406 888 2466 in
902 2406 1014 2467 murice
1027 2404 1102 2467 remi

397 2498 510 2560 Obnixi
525 2517 672 2576 crepuere,
688 2498 824 2576 illisaque
837 2517 926 2577 prora
940 2498 1090 2577 pependit

398 2592 592 2669 Consurgunt
604 2603 713 2653 nautae
726 2602 757 2653 et
770 2609 880 2670 magno
893 2593 1025 2653 clamore
1038 2600 1198 2668 morantur,

398 2686 592 2762 Ferratasque
608 2685 707 2745 trudes
721 2695 752 2745 et
765 2696 853 2746 acuta
865 2684 989 2763 cuspide
1003 2695 1110 2746 contos

398 2776 577 2855 Expediunt‚
592 2778 760 2855 muneque
773 2778 876 2856 legunt
889 2778 921 2838 in
934 2779 1048 2857 gurgite
1065 2795 1170 2840 remos.

398 2872 440 2930 At
454 2871 548 2930 laetus
563 2859 741 2931 Mnestheus
755 2889 953 2949 successuque
967 2871 1062 2932 acrior
1074 2871 1141 2951 ipso
1214 2869 1216 2874 ’

397 2962 527 3041 Agmine
541 2979 689 3023 remorum
702 2963 790 3024 celeri
803 2965 961 3041 ventisque
974 2965 1089 3026 vocatis

399 3058 498 3116 Prona
510 3056 585 3135 petit
598 3056 691 3115 maria
703 3066 734 3116 et
747 3057 855 3135 pelago
869 3056 997 3118 decurrit
1011 3068 1121 3136 aperto

399 3148 504 3224 Qualis
519 3150 663 3227 spelunca
676 3148 775 3209 subito
788 3161 942 3211 commota
954 3151 1104 3226 columba,

399 3241 457 3303 Cui
471 3242 578 3302 domus
592 3251 624 3302 et
637 3242 740 3302 dulces
753 3243 905 3303 latebroso
918 3243 949 3302 in
963 3242 1082 3322 pumice
1095 3242 1168 3319 nidi,

399 3336 503 3395 Fertur
515 3334 546 3394 in
560 3351 630 3395 arva
641 3337 755 3411 volans,
770 3337 968 3414 plausumque
982 3335 1120 3398 exterrita
1133 3333 1242 3415 pennis
1338 3364 1376 3404 ,ις

369 3494 371 3498 ,
399 3428 460 3488 Dat
474 3438 555 3489 tecto
568 3427 728 3507 ingentem,
744 3447 815 3489 mos
829 3431 897 3489 aere
911 3430 995 3508 lapsa
1008 3429 1111 3506 quieto

399 3519 492 3581 Radit
506 3520 561 3581 iter
574 3520 728 3598 liquidum,
743 3522 855 3583 celeres
867 3541 968 3600 neque
980 3531 1151 3584 commovet
1164 3521 1227 3583 elas
1240 3543 1246 3584 ι

399 3612 449 3674 Sic
464 3614 650 3688 Mnestheus,
666 3614 708 3675 sic
722 3614 787 3693 ipsa
800 3616 870 3693 fuga
884 3626 966 3676 secat
979 3617 1083 3676 ultima
1098 3616 1201 3677 Pristis

399 3708 547 3783 Aequora,
564 3706 607 3767 sic
621 3707 702 3767 illam
716 3709 771 3769 sert
784 3708 913 3786 impetus
926 3708 991 3787 ipse
1003 3712 1165 3770 uolantem.

400 3801 439 3859 Et
452 3799 579 3877 primurn
593 3799 624 3859 in
638 3801 764 3879 scopulo
777 3801 940 3863 luctantem
955 3802 1064 3863 deserit
1078 3801 1140 3864 alto
1339 3821 1377 3859 aa

396 3893 564 3970 Sergestum
577 3893 775 3971 brevibusque
788 3895 875 3955 vadis
888 3896 1053 3975 frustraque
1065 3904 1226 3959 vocantem

398 3984 518 4047 Auxilia
531 3997 562 4048 et
575 3986 674 4048 fractis
687 3986 852 4049 discentem
865 4003 982 4052 currere
993 3989 1091 4052 remis
