3550 4859
602 577 606 586 ·
666 564 845 612 ΒΗΕΟΗΟΑ-
872 563 938 609 eoi.
961 564 1001 609 lv.

343 712 401 773 Ille
415 711 506 771 deum
519 711 612 772 vitam
625 710 753 788 accipiet
766 710 904 787 divisque
917 708 1033 772 videbit

341 806 511 867 Permixtos
524 806 631 866 heroas
644 805 755 883 etipse
767 804 916 864 videbitur
929 804 997 877 illis,

341 902 546 975 Pacatumque
560 907 645 976 reget
657 898 761 976 patriis
774 896 933 957 virtutibus
946 898 1059 957 orbem.

341 995 386 1053 At
399 993 455 1053 tibi
468 992 572 1070 prima,
586 1008 668 1068 puer,
684 991 766 1050 nullo
779 990 954 1049 munuscula
967 990 1049 1049 cultu

342 1087 484 1146 Errantes
498 1084 626 1144 hederas
639 1083 752 1160 passim
765 1101 834 1141 cum
847 1083 995 1141 bacchare
1008 1082 1098 1142 tellus

341 1179 504 1255 Mixtaque·
515 1175 624 1237 ridenti
637 1174 788 1236 colocasia
801 1175 907 1235 fundet
919 1176 1056 1235 acantho.

338 1273 434 1350 'Ipsae
449 1271 526 1332 lacte
540 1271 663 1331 domum
677 1268 806 1328 referent
819 1267 951 1327 distenta
964 1267 1097 1345 capellae

341 1367 457 1438 Ubera,
472 1382 529 1423 nec
542 1379 669 1441 magnos
682 1369 818 1420 metuent
832 1370 967 1419 armenta
980 1361 1093 1420 leones.

341 1460 418 1536 Ipsa
430 1456 486 1517 tibi
499 1456 628 1516 blandos
639 1453 768 1514 tundent
782 1452 931 1512 cunabula
943 1452 1040 1512 flores

341 1550 473 1612 Occidet
487 1558 517 1609 et
531 1565 664 1625 serpens,
680 1556 711 1607 et
724 1545 814 1605 fallax
827 1544 921 1604 herba
933 1544 1043 1604 veneni

341 1642 492 1716 Occidet;
512 1640 666 1719 Assyrium
680 1639 769 1715 vulgo
783 1640 924 1698 nascetur
936 1656 1095 1698 amomum.

341 1739 386 1797 At
399 1734 486 1795 simul
500 1735 625 1793 heroum
638 1732 743 1792 laudes
757 1741 789 1791 et
801 1730 881 1790 facta
893 1729 1026 1807 parentis

339 1830 411 1906 jam
425 1828 525 1907 legere
539 1837 570 1886 et
583 1844 660 1903 quae
674 1826 714 1885 sit
726 1824 839 1902 poteris
854 1838 1037 1900 cognoscere
1050 1822 1154 1900 virtus,

342 1921 433 1986 Molli
446 1920 591 1999 paulatim
604 1919 744 1978 flavescet
758 1936 882 1994 campus
898 1916 996 1991 arista,

342 2014 530 2091 Incultisque
543 2011 655 2072 rubens
668 2010 812 2090 pendebit
827 2010 962 2071 sentibus
976 2030 1042 2084 uva,

342 2109 383 2167 Et
397 2108 488 2168 durae
503 2123 630 2182 quercus
645 2104 795 2164 sudabunt
808 2103 926 2164 roscida
939 2104 1036 2163 mella

341 2202 444 2260 Pauca
457 2209 558 2259 tamen
573 2197 715 2257 suberunt
728 2197 844 2274 priscae
858 2195 984 2273 vestigia
998 2194 1117 2269 fraudis,

341 2293 430 2376 Quae
444 2303 559 2353 tentare
573 2291 693 2351 Thetim
708 2292 831 2365 ratibus,
846 2291 1057 2368 quae-cingere
1071 2289 1162 2351 muris

339 2387 473 2465 Oppida,
488 2404 565 2464 quae
582 2385 708 2465 jubeant
722 2383 818 2444 telluri
832 2384 978 2443 infindere
993 2384 1102 2444 sulcos

340 2481 429 2540 Alter
442 2479 497 2541 erit
510 2489 574 2539 tum
587 2479 710 2557 Tiphys,
727 2489 757 2538 et
771 2478 864 2537 altera
877 2495 955 2553 quae
969 2478 1058 2537 vehat
1073 2478 1156 2555 Argo

339 2574 486 2633 Delectos
499 2573 625 2646 heroas3
646 2581 732 2631 erunt
746 2571 836 2631 etiam
849 2571 944 2630 altera
956 2570 1045 2643 bella,
1219 2624 1222 2631 .

339 2667 445 2743 Atque
458 2667 564 2726 iteum
577 2664 617 2724 ad
631 2665 754 2740 Trojam
767 2682 892 2740 magnus
906 2663 1038 2722 mittetur
1053 2661 1196 2724 Achillea

339 2759 437 2832 Hinc,
451 2758 502 2818 ubi
520 2758 583 2837 jam
596 2757 715 2817 firmata
727 2756 821 2815 virum
836 2766 866 2815 te
880 2754 983 2815 fecerit
996 2764 1088 2829 aetas,

339 2852 442 2912 Cedet
454 2860 485 2911 et
499 2851 565 2928 ipse
578 2849 653 2910 mari
667 2859 778 2922 vector,
794 2866 851 2907 nec
864 2848 984 2907 nautica
996 2847 1085 2924 pinus

338 2944 475 3003 Mutabit
487 2962 603 3003 merces
616 2965 623 3003 ε
642 2941 740 3002 omnis
754 2942 829 3001 feret
841 2935 943 3001 omnia
956 2939 1052 2999 tellus.

339 3037 416 3096 Non
429 3046 539 3096 rastros
553 3034 680 3113 patietur
694 3036 810 3107 humus,
825 3052 887 3093 non
901 3033 990 3092 vinea
1002 3032 1129 3106 falcem

339 3130 498 3189 Robustus
513 3146 632 3206 quoque
649 3128 713 3206 jam
726 3127 818 3186 tauris
835 3127 908 3205 juga
918 3125 1013 3186 solvet
1026 3134 1144 3201 arator3

340 3225 411 3282 Nec
424 3221 521 3282 varios
535 3221 631 3281 discet
644 3219 764 3280 mentiri
778 3219 848 3278 lana
860 3219 987 3292 colores,

339 3318 416 3393 Ipse
429 3315 483 3375 sed
497 3315 529 3374 in
543 3313 635 3392 pratis
649 3313 726 3374 aries
743 3314 806 3389 jam
820 3330 912 3371 suave
925 3310 1043 3371 rubenti

340 3409 468 3483 Murice,
488 3409 550 3485 jam
564 3426 671 3467 croceo
685 3406 812 3465 mutabit
824 3405 936 3465 vellera
949 3405 1031 3479 luto;

339 3502 456 3578 Sponte
470 3520 525 3560 sua
538 3499 654 3577 sandyx
666 3508 825 3576 pascentes
838 3497 948 3557 vestiet
960 3515 1064 3575 agnos.

339 3593 430 3653 Talia
442 3592 550 3665 saecla,
566 3592 628 3653 suis
642 3591 788 3664 dixerunt,
802 3589 919 3662 currite,
935 3589 1008 3649 fissis

340 3684 519 3746 Concordes
532 3683 773 3745 nobilitatorum
785 3682 908 3741 umine
921 3684 1041 3743 Parcae.

341 3777 517 3855 Aggredere
531 3795 550 3836 o
563 3775 840 3853 magnos—aderit
857 3775 920 3851 jam
934 3774 1248 3852 tempus-honores,

340 3870 422 3931 Cara
435 3869 526 3930 deum
539 3868 669 3943 moola,
684 3885 825 3947 magnum
837 3866 923 3945 Jovis
935 3866 1167 3931 incrementuml

339 3962 478 4042 Adspice
492 3980 628 4024 conveho
640 3970 797 4036 ouantem
809 3960 945 4041 pondere
957 3961 1112 4037 mundum,

1297 3955 1402 4034 μ’,
