3550 4859
722 560 726 569 ’
750 563 910 623 smarnos
930 564 988 610 nra
1009 565 1028 610 r.

400 709 548 784 Bellatrix‚
563 708 713 787 audetque
726 710 794 770 viris
809 728 984 771 concurrere
997 710 1088 787 virgo.

441 805 528 864 Haec
543 803 615 862 dum
631 802 784 863 Dardanio
799 806 923 863 Aeneae
936 803 1071 863 miranda
1083 803 1229 879 videntur,

399 898 481 957 Dum
496 907 604 974 stupet,
619 898 787 973 obtutuque
800 899 903 957 haeret
917 897 1031 956 defixus
1045 897 1076 955 in
1089 917 1159 971 uno,
1341 927 1378 967 ης

399 989 517 1067 Regina
531 990 569 1049 ad
584 991 737 1066 templum,
752 991 847 1049 sonna
860 990 1057 1066 pulcherrima
1071 990 1161 1065 Dido,

399 1081 535 1156 Incessit,
551 1102 660 1159 magna
669 1083 813 1161 juvenum
828 1082 957 1159 stipante
972 1093 1096 1142 caterva

399 1175 504 1251 Qualis
519 1175 549 1234 in
565 1178 693 1236 Eurotae
708 1176 778 1252 ripis
793 1186 844 1236 aut
857 1195 911 1252 per
921 1178 993 1255 juga
1007 1175 1118 1254 Cynthi

349 1345 350 1348 Ἴ
399 1271 526 1329 Exercet
541 1268 641 1329 Diana
654 1269 771 1342 choros
788 1288 878 1345 quam
893 1269 974 1329 mille
989 1280 1107 1329 secutae

400 1361 484 1422 Hinc
498 1373 588 1438 atque
601 1363 672 1421 hinc
685 1363 885 1438 glomerantur
899 1363 1052 1437 Oreades;
1072 1361 1123 1421 illa
1136 1363 1304 1439 pharetram
1341 1392 1379 1431 200

400 1457 470 1516 Fert
484 1457 615 1529 humero,
631 1455 827 1532 gradiensque
843 1455 915 1514 deas
930 1455 1128 1532 supereminet
1143 1474 1269 1531 omnen

398 1549 534 1630 Latonae
549 1549 670 1609 tacitum
686 1558 855 1625 pertentant
868 1548 978 1625 gaudia
990 1560 1115 1624 pectus:

398 1642 482 1702 Talis
496 1652 558 1703 erat
573 1642 663 1716 Dido,
679 1644 769 1701 talem
784 1661 815 1701 se
830 1642 908 1701 laeta
922 1643 1034 1701 serebat

401 1738 460 1796 Per
473 1736 596 1810 medios,
612 1735 725 1794 instans
739 1734 822 1811 operi
837 1735 993 1811 regnisque
1007 1735 1118 1795 futuris.

399 1832 478 1889 Tum
492 1828 604 1889 foribus
618 1828 713 1902 divae,
729 1828 828 1887 media
842 1828 991 1887 testudine
1006 1828 1117 1905 templi,

398 1925 508 2000 Saepta
522 1923 618 1996 armis,
634 1921 769 1997 solioque
784 1922 842 1980 alte
857 1922 984 1981 subnixa
997 1922 1113 1980 resedit

398 2018 470 2094 Jura
484 2017 575 2075 dabat
589 2015 729 2092 legesque
743 2013 821 2088 viris,
836 2033 1019 2091 operumque
1033 2015 1166 2074 laborem

400 2109 536 2169 Partibus
551 2108 699 2184 aequabat
710 2106 806 2186 justis,
822 2118 873 2166 aut
887 2118 965 2166 sorte
980 2108 1135 2166 trahebat:

398 2203 502 2276 Quum
516 2202 614 2261 subito
628 2203 910 2260 Aeneaseoncursu
924 2202 1064 2260 accedere
1079 2220 1189 2279 magno

398 2298 519 2355 Anthea
535 2297 763 2371 Sergestumque
777 2294 858 2353 videt
871 2295 1037 2370 sortemque
1052 2297 1244 2368 Cloanthum,
1353 2325 1362 2351 ι

378 2445 383 2455 ,
399 2389 640 2463 Teucrorumque
655 2386 737 2459 alios,
754 2396 816 2445 ater
830 2405 907 2462 quos
921 2406 1049 2464 aequore
1063 2390 1152 2448 turbo

399 2480 572 2558 Dispulerat
586 2480 762 2556 penitusque
778 2479 851 2539 alias
865 2491 1002 2540 avexerat
1016 2501 1091 2541 oras.

399 2574 563 2651 Obstupuit
577 2572 664 2632 simul
679 2572 742 2649 ipse
758 2571 844 2631 simul
858 2575 1010 2650 perculsus
1025 2576 1158 2634 Achates

399 2667 585 2744 Laetitiaque
599 2675 758 2742 metuque3
780 2664 858 2725 avidi
871 2668 1051 2744 conjungere
1066 2669 1184 2733 dextras

399 2761 573 2835 Ardebant;
594 2759 646 2819 sed
660 2778 706 2818 res
721 2757 836 2818 animos
850 2757 1001 2835 incognita
1014 2760 1119 2818 turbat

400 2852 604 2927 Dissimulant,
620 2862 650 2912 et
664 2852 745 2911 nube
758 2870 832 2910 cava
846 2853 1036 2928 speculantur
1050 2851 1159 2925 amicti,

399 2947 486 3021 Quae
501 2947 617 3006 fortuna
630 2945 708 3019 viris,
725 2946 850 3004 classem
865 2964 925 3021 quo
940 2945 1025 3004 litore
1040 2945 1183 3021 linquant,

399 3041 482 3114 Quid
497 3040 636 3113 veniant3
656 3039 771 3098 cunctis
785 3058 854 3099 narn
870 3039 939 3100 lecti
953 3038 1079 3098 navibus
1092 3039 1184 3113 ibant,
1287 3094 1291 3101 .

399 3135 528 3194 Orantes
542 3132 667 3206 veniam,
684 3142 713 3192 et
727 3134 872 3209 templum
886 3134 1016 3193 clamore
1031 3134 1181 3208 petebant.

441 3229 604 3304 Postquam
618 3225 788 3303 introgressi
802 3237 832 3286 et
846 3245 946 3306 coram
962 3226 1032 3285 data
1045 3226 1134 3302 copia
1147 3214 1237 3300 fandi,

400 3320 552 3380 Maximus
568 3319 699 3378 Ilioneus
713 3319 833 3397 placido
848 3319 892 3378 sic
906 3329 1026 3394 pectore
1040 3319 1159 3395 coepit:

399 3413 429 3473 Ο
445 3413 569 3490 Regina,
585 3431 695 3472 novam
708 3412 756 3472 cui
771 3412 902 3471 condere
915 3410 1054 3487 Juppiter
1067 3413 1173 3471 urbem

399 3506 578 3584 Justitiaque
593 3505 675 3566 dedit
688 3516 793 3582 gentes
807 3505 922 3564 frenare
936 3503 1088 3580 superbas,

399 3601 494 3659 Troes
507 3609 537 3659 te
551 3599 659 3673 miseri,
677 3598 771 3658 ventis
786 3597 878 3656 maria
892 3597 990 3656 omnia
1002 3596 1089 3671 vecti,

399 3693 536 3766 Oramus,
552 3692 677 3770 prohibe
691 3691 830 3750 infandos
844 3709 863 3749 a
875 3689 1000 3750 navibus
1015 3689 1108 3766 ignes,

400 3788 493 3846 Parce
507 3787 559 3864 pio
573 3785 682 3863 generi,
698 3794 728 3844 et
741 3784 864 3860 propius
878 3802 926 3843 res
940 3782 1061 3860 adspice
1075 3792 1197 3843 nostras

401 3881 472 3938 Non
487 3898 543 3938 nos
558 3889 608 3937 aut
622 3879 699 3937 ferro
714 3876 843 3954 Libycos
858 3877 1000 3953 populare
1015 3877 1143 3936 Penates
1248 3954 1251 3960 Ι

345 4021 351 4032 .
399 3971 554 4048 Venimus,
570 3980 621 4031 aut
633 3980 733 4050 raptas
746 3970 783 4029 ad
797 3969 886 4030 litora
898 3979 1011 4030 vertere
1024 3968 1170 4046 praedas3
