3550 4859
400 570 456 613 m
716 570 742 614 P.
754 570 899 615 *Vtuntur
919 570 1062 616 HAROMS

400 715 452 775 Bis
465 714 577 791 patriae
591 714 726 774 cecidere
740 734 852 774 manus.
897 715 977 789 Quin
992 714 1126 791 protinus
1140 714 1241 776 omnia

399 809 589 886 Perlegerent
603 809 705 881 oculis,
722 809 753 866 ni
771 811 834 884 jam
847 807 1026 884 praemissus
1040 801 1172 870 Achates

399 900 514 960 Afforet
528 911 616 976 atque
630 920 691 959 una
705 900 819 959 Phoebi
833 887 1020 976 Triviaeque*
1027 902 1177 978 sacerdos,
1355 933 1379 972 ³5

399 993 558 1069 Deiphobe
573 993 688 1065 Glauci,
704 994 780 1052 satur
793 1012 870 1069 quae
884 992 956 1051 talia
969 994 1050 1070 regi:

399 1088 470 1146 Non
485 1087 543 1145 hoc
557 1085 615 1145 ista
623 1085 686 1145 sibi
700 1096 819 1162 tempus
835 1086 1006 1161 spectacula
1019 1087 1138 1164 poscit;

399 1182 488 1239 Nunc
504 1198 593 1257 grege
608 1178 646 1237 de
661 1177 773 1237 intacto
788 1188 904 1254 septem
919 1189 1049 1241 mactare
1061 1181 1205 1256 juvencos

399 1272 591 1344 Praestiterit,
607 1271 733 1330 totidem
745 1271 839 1331 lectas
853 1272 892 1331 de
906 1291 988 1332 more
1002 1272 1148 1339 bidentes
1215 1272 1219 1279 '

398 1365 522 1426 Talibus
537 1366 625 1425 affata
639 1367 982 1425 Aenean-uecsacra
995 1376 1148 1425 morantur
1353 1393 1380 1431 ⁴0

396 1461 487 1538 Jussa
500 1459 555 1517 viri
565 1490 607 1503 —-
616 1460 751 1517 Teucros
764 1468 853 1518 vocat
866 1459 928 1517 alta
941 1459 972 1517 ln
986 1459 1099 1535 templa
1111 1458 1263 1531 sacerdos.
1373 1524 1375 1528 ,
1442 1458 1444 1461 ’

439 1552 580 1611 Excisum
595 1552 746 1611 Euboicae
759 1552 838 1611 latus
852 1551 957 1629 ingens
971 1552 1052 1628 rupis
1065 1550 1096 1610 in
1111 1562 1236 1626 antrum,

398 1647 468 1721 Quo
482 1646 534 1704 lati
548 1646 661 1704 ducunt
674 1645 773 1703 aditus
787 1654 916 1717 centum,
932 1644 1008 1704 ostia
1021 1655 1161 1719 centum3

399 1739 491 1799 Unde
505 1749 593 1798 ruunt
606 1738 732 1797 totidem
746 1756 845 1811 voces,
861 1756 1006 1815 responsa
1019 1738 1155 1816 Sibyllae.

397 1833 530 1890 Ventum
544 1841 608 1891 erat
621 1832 659 1889 ad
675 1831 773 1903 limen,
790 1850 881 1907 quum
895 1831 987 1909 virgo,
1005 1833 1132 1891 Poscere
1146 1831 1208 1892 sata
1352 1855 1378 1895 ss

397 1926 540 2000 Tempus,
556 1924 599 1983 ait
608 1946 618 1998 3
638 1924 720 1997 deus,
736 1942 816 1997 eece,
832 1924 925 1983 deusl
968 1924 1025 1984 Cui
1038 1925 1110 1983 talia
1123 1922 1197 1984 fanti

398 2019 480 2077 Ante
492 2018 573 2076 fores
586 2017 686 2076 subito
700 2036 763 2077 non
776 2018 883 2090 vultus,
899 2036 961 2076 non
975 2018 1058 2076 color
1070 2036 1157 2089 unus,

398 2109 469 2170 Non
483 2119 621 2186 comptae
636 2127 774 2169 mansere
787 2128 912 2185 comae,
930 2110 984 2169 sed
998 2120 1102 2186 pectus
1117 2109 1265 2183 anhelum,

399 2205 438 2262 Et
451 2203 533 2262 rabie
547 2204 609 2262 fera
622 2203 713 2262 corda
727 2213 864 2277 tumem3
883 2204 1037 2280 majorque
1051 2202 1153 2276 videri,

399 2298 465 2355 Nec
479 2297 604 2355 mortale
618 2315 740 2369 sonans,
755 2296 854 2354 afflata
868 2305 915 2355 est
928 2295 1049 2355 numine
1064 2295 1185 2371 quando
1356 2317 1381 2355 so

397 2391 467 2466 Jam
480 2389 619 2466 propiore
634 2389 691 2448 dei.
735 2390 847 2448 Cessas
861 2389 892 2446 in
907 2397 977 2447 vota
990 2406 1154 2465 precesque

398 2483 485 2555 Tros,
500 2481 550 2555 ait,
566 2484 679 2554 Aenea,
694 2484 817 2541 cessas?
857 2483 965 2557 Neque
980 2481 1061 2540 enim
1074 2491 1144 2541 ante
1158 2479 1320 2542 dehiscent

399 2575 555 2634 Attonitae
569 2593 677 2651 magna
690 2593 744 2633 ora
757 2575 872 2633 domus.
917 2576 955 2634 Et
969 2575 1039 2634 talia
1052 2574 1115 2634 fata

400 2668 560 2728 Conticuit.
604 2667 731 2727 Gelidus
744 2666 870 2726 Teucris
883 2657 939 2743 per
952 2667 1027 2726 dura
1040 2667 1169 2727 cucurrit

399 2761 480 2819 Ossa
493 2770 612 2833 tremor,
628 2760 786 2836 funditque
799 2779 905 2837 preces
917 2778 972 2819 rex
983 2770 1105 2837 pectore
1119 2761 1159 2820 ab
1172 2760 1233 2821 imo
1245 2780 1254 2821 t
1357 2786 1381 2826 rs

400 2853 532 2926 Phoebe,
547 2871 653 2931 graves
667 2854 776 2931 Trojae
791 2871 911 2929 semper
924 2853 1063 2914 miserate
1078 2853 1205 2928 labores,

401 2946 544 3005 Dardana
558 2946 610 3022 qui
625 2946 742 3005 Paridis
755 2945 861 3005 direxti
875 2946 935 3005 tela
947 2955 1111 3022 manusque

401 3041 519 3116 Corpus
534 3038 565 3097 in
580 3038 741 3111 Aeacidae,
756 3057 879 3116 magnas
894 3039 1037 3098 obeuntia
1050 3049 1143 3099 terras

400 3134 460 3192 Tot
475 3133 568 3192 maria
581 3132 689 3192 intravi
702 3132 780 3191 duce
794 3142 824 3191 te
838 3132 1018 3208 penitusque
1032 3141 1166 3209 repostas

401 3226 568 3304 Massylum
582 3235 688 3303 gentes
701 3233 915 3301 praetentaque
930 3225 1062 3302 Syrtibus
1076 3244 1154 3296 arva,
1354 3235 1383 3275 ⁶0
1487 3278 1489 3282 .

400 3320 468 3395 Jam
483 3319 606 3377 tandem
621 3318 726 3377 Italiae
740 3317 880 3395 fugientis
894 3317 1065 3393 prendimus
1079 3336 1167 3392 oras;

402 3414 471 3471 Hac
486 3411 616 3489 Trojana
630 3420 716 3470 tenus
730 3410 818 3469 fuerit
830 3411 949 3469 fortuna
962 3420 1072 3470 secuta

400 3505 467 3563 Vos
482 3523 603 3580 quoque
619 3505 797 3579 Pergameae
807 3503 873 3582 jam*
884 3504 930 3563 sas
944 3513 990 3562 est
1003 3520 1125 3580 parcere
1138 3500 1230 3581 genti,

402 3596 502 3673 Dique
516 3598 651 3673 deaeque
665 3615 779 3669 omnes,
795 3596 904 3672 quibus
919 3596 1034 3655 obstitit
1048 3596 1138 3655 Ilium
1152 3605 1182 3656 et
1195 3596 1303 3672 ingens

401 3691 505 3751 Gloria
521 3690 699 3749 Dardaniae.
743 3691 859 3765 Tuque,
874 3709 896 3748 o
909 3688 1096 3749 sanctissima
1108 3700 1200 3764 vates,
1357 3704 1383 3755 ο,

401 3783 540 3842 Praescia
552 3782 678 3856 venturi,
693 3782 735 3841 da
743 3815 785 3826 -
796 3801 858 3841 non
872 3782 1008 3841 indebita
1020 3800 1115 3859 posco

401 3877 510 3954 Regna
522 3875 598 3935 meis
611 3876 729 3935 fatis-
737 3876 824 3935 Latio
838 3875 994 3935 considere
1008 3877 1141 3935 Teucros

402 3971 601 4047 Errantesque
616 3970 691 4030 deos
704 3969 875 4048 agitataque
888 3970 1011 4030 numina
1024 3970 1141 4046 Trojae.
1253 4015 1256 4020 .
1305 4013 1308 4018 -
