3550 4859
716 564 925 612 ursanum.
948 566 1006 613 ΠΒ.
1023 565 1050 612 -l-

406 716 496 775 Nunc
509 731 604 791 genus
618 709 648 771 in
662 712 750 773 nobis
763 724 854 774 restat
867 714 993 773 mortale
1007 713 1174 773 duobus-

389 879 391 883 ³
406 808 454 870 Sic
468 807 564 867 visum
578 804 965 882 superis-hominumque
979 805 1292 881 exemplamanemus

405 901 538 974 Dixerat,
553 910 584 960 et
597 898 718 959 flebant.
761 897 876 958 Placuit
889 899 1021 958 eoeleste
1035 896 1147 975 precari

404 996 535 1068 Numen,
551 1004 581 1053 et
595 991 736 1054 auxilium
749 1010 804 1068 per
816 1009 918 1051 meras
930 1010 1071 1067 quaerere
1085 1000 1188 1050 sortes.
1327 1043 1330 1050 .

404 1088 497 1147 Nulla
510 1105 594 1152 mora
606 1096 670 1147 est:
689 1086 802 1145 adeunt
815 1083 924 1161 pariter
938 1083 1116 1161 Cephisidas
1129 1082 1235 1157 undas,

404 1181 450 1241 Ut
464 1182 599 1240 nondum
612 1179 739 1256 liquidas
754 1179 797 1238 sic
808 1179 871 1256 jam
881 1177 960 1238 vada
973 1186 1046 1237 nota
1058 1186 1203 1237 secantes.

405 1274 483 1334 Inde
497 1273 548 1334 ubi
562 1274 669 1334 libatos
682 1272 841 1334 irroravere
854 1272 985 1349 liquores

402 1367 546 1428 Vestibus
560 1377 591 1427 et
604 1366 702 1444 capiti,
717 1366 842 1427 flectunt
855 1365 979 1443 vestigia
992 1373 1114 1424 mactae

402 1460 453 1520 Ad
468 1461 592 1521 delubra
605 1460 688 1534 deae,
704 1477 830 1536 quorum
843 1458 959 1535 fastigia
971 1457 1051 1535 turpi

403 1554 562 1614 Pallebant
575 1571 687 1626 musco,
703 1553 881 1629 stabantque
894 1551 959 1612 sine
973 1551 1090 1629 ignibus
1103 1569 1181 1612 arae.

403 1647 448 1706 Ut
463 1646 566 1724 templi
580 1646 703 1723 tetigere
716 1647 832 1723 gradus,
847 1644 1016 1723 procumbit
1029 1657 1153 1722 uterque

403 1741 519 1800 Pronus
534 1739 615 1799 humi
629 1739 788 1816 gelidoque
802 1758 914 1816 pavens
928 1739 1013 1800 dedit
1025 1740 1129 1799 oscula
1141 1757 1224 1814 saxo,

403 1836 506 1909 Atque
519 1832 568 1907 ita,
584 1831 615 1893 Si
628 1833 774 1909 precibus,
790 1832 935 1906 dixemnt,
950 1832 1073 1892 numina
1083 1831 1170 1912 justis

401 1924 492 1987 Victa
506 1927 723 1999 remollescuut,
739 1926 764 1985 si
777 1925 906 1986 flectitur
917 1925 962 1985 ira
975 1926 1108 1999 deorum,

402 2019 470 2094 Dic,
486 2018 602 2093 Themi,
618 2037 679 2095 qua
690 2018 806 2096 generis
820 2019 963 2079 damnum
976 2018 1141 2096 reparabile
1154 2019 1251 2080 nostri
1372 2075 1375 2079 .

400 2114 474 2172 Arte
489 2111 535 2185 sit,
550 2121 581 2172 et
594 2112 697 2172 mersis
710 2113 754 2171 ser
767 2130 867 2189 opem,
882 2111 1045 2187 mitissima,
1061 2114 1157 2173 rebus.
1269 2135 1272 2141 ·

401 2208 491 2266 Mota
504 2206 562 2265 dea
575 2216 629 2279 est,
644 2216 814 2283 sortemque
829 2205 930 2266 dedit:
952 2206 1106 2267 Discedite
1121 2207 1243 2283 temp10,

401 2301 442 2360 Et
454 2300 551 2360 velate
565 2309 655 2376 caput
668 2299 841 2375 cinctasque
855 2300 993 2360 resolvite
1007 2310 1113 2373 vestes,

401 2393 538 2469 Ossaque
552 2402 621 2470 post
634 2402 749 2469 tergum
763 2411 888 2470 magnae
902 2394 1013 2472 jactate
1026 2390 1164 2469 parentis

400 2487 590 2563 Obstupuere
605 2485 665 2559 diu,-
680 2485 848 2562 rumpitque
863 2485 981 2545 silentia
994 2505 1069 2545 voce

400 2580 513 2657 Pyrrha
526 2579 606 2656 prior
618 2579 765 2655 jussisque
780 2580 854 2639 deae
869 2599 971 2656 parere
986 2591 1109 2653 recusat,

400 2674 523 2749 Detque
538 2671 594 2732 sibi
607 2671 735 2746 veniam,
750 2671 861 2749 pavido
874 2682 960 2751 rogat
973 2691 1033 2746 ore,
1049 2682 1198 2749 pavetque

400 2766 535 2826 Laedere
546 2764 664 2845 jactatis
678 2776 828 2825 maternas
842 2765 960 2825 ossibus
972 2765 1100 2825 umbras.

400 2860 520 2919 Interea
532 2868 670 2935 repetunt
684 2858 780 2918 caecis
789 2859 922 2933 ,obscura
935 2857 1056 2919 latebris

398 2953 502 3012 Verba
516 2952 604 3012 datae
618 2951 705 3011 sortis
719 2970 820 3011 secum
834 2952 912 3011 inter
924 2970 1016 3028 seque
1030 2951 1185 3013 volutant:

396 3045 478 3105 Inde
493 3043 718 3105 Promethiades
732 3043 858 3121 placidis
872 3042 1064 3121 Epimethida
1077 3043 1167 3106 dictis
1260 3080 1262 3084 ν
1362 3059 1365 3066 ·

398 3139 516 3198 Mulcet
530 3146 569 3211 et,
584 3138 646 3197 Aut
659 3138 757 3211 fallax,
772 3136 822 3211 ait,
838 3147 882 3197 est
896 3136 1027 3197 sollertia
1040 3137 1137 3211 nobis,

396 3234 461 3292 Aut
475 3230 526 3308 pia
539 3240 608 3291 sunt
621 3232 795 3307 nullumque
809 3232 893 3290 nefas
906 3230 1026 3290 oracula
1040 3231 1174 3291 suadent

398 3326 515 3402 Magna
527 3343 635 3401 parens
648 3333 726 3384 terra
738 3334 792 3397 est,
807 3322 923 3400 lapides
936 3321 1107 3401 incorpore
1120 3334 1217 3385 terrae

397 3418 478 3478 Ossa
490 3434 558 3477 reor
571 3416 650 3477 dici:
666 3418 765 3496 jacere
779 3416 835 3476 hos
848 3425 918 3493 post
932 3426 1015 3494 terga
1028 3418 1174 3494 jubemur.

396 3510 545 3587 Coniugis
559 3509 681 3587 augurio
696 3529 866 3586 quanquam
880 3509 1002 3570 Titania
1015 3521 1098 3571 mota
1112 3520 1166 3584 est,

279 3632 281 3636 ’
398 3606 476 3681 Spes
490 3602 635 3663 tamenin
650 3602 743 3664 dubio
757 3614 820 3663 ests
840 3604 918 3663 adeo
931 3603 1114 3664 coelestibus
1127 3604 1219 3665 ambo
1322 3653 1325 3660 .

398 3697 548 3757 Diffidunt
561 3695 702 3771 monitis;
722 3696 776 3756 sed
790 3696 863 3773 quid
877 3706 992 3756 tentare
1005 3694 1148 3757 nocebit?

398 3790 576 3864 Discedunt,
590 3790 751 3865 velantque
764 3799 855 3866 caput
868 3788 1043 3865 tunicasque
1057 3788 1221 3867 recingunt,
1260 3791 1272 3812 ·“

291 3888 298 3898 ‘
398 3884 439 3942 Et
451 3884 549 3959 jussos
563 3881 679 3960 lapides
692 3900 748 3942 sua
760 3892 830 3960 post
842 3882 968 3959 vestigia
980 3882 1110 3943 mittunt.

397 3973 598 4053 Saxa-quis
611 3976 671 4040 hoo
684 3976 796 4051 aedae
810 3974 868 4038 nisi
881 3973 921 4037 ait
933 3986 1079 4054 proterite
1091 3976 1292 4038 vensmt-
1339 4005 1377 4043 o·
