3550 4859
401 553 455 620 rga
715 557 741 600 Ρ.
764 544 896 601 vrnortrr
917 543 1060 602 aanoldis

398 702 546 778 Quocirca
559 720 665 780 capere
680 710 750 762 ante
761 688 842 763 dolis
856 690 888 763 et
900 701 1020 780 cingere
1033 703 1154 763 damma

397 796 547 875 RegInam
560 795 697 869 meditor,
712 813 751 855 ne
765 813 826 871 quo
840 813 874 855 se
887 795 1009 856 numine
1024 803 1126 869 mutet,

397 889 458 950 Sed
473 908 582 967 magno
597 890 719 948 Aeneae
729 901 850 948 mecum
864 898 1000 948 teneatur
1014 906 1122 948 amore.

396 982 466 1057 Qua
480 981 577 1041 facere
592 981 623 1040 id
636 981 743 1059 possis,
759 990 890 1041 nontam
904 999 985 1041 nunc
999 982 1101 1059 accipe
1115 991 1248 1041 mentem
1263 1000 1271 1042 τ

396 1076 510 1153 Regius
525 1074 622 1134 accitu
636 1074 697 1133 cari
709 1073 851 1150 genitoris
864 1074 904 1133 ad
917 1074 1022 1133 urbem

398 1167 553 1227 Sidoniam
566 1185 641 1244 puer
654 1166 697 1226 ire
711 1176 803 1243 parat,
818 1185 886 1227 mea
899 1166 1027 1226 maxima
1041 1185 1120 1240 cura,

397 1262 489 1320 Dona
502 1260 607 1334 ferens,
623 1260 732 1337 pelago
745 1269 776 1319 et
789 1260 917 1319 flammis
932 1259 1074 1319 restantia
1087 1259 1196 1339 Trojae
1207 1280 1217 1336 3
1325 1255 1327 1260 ’

397 1355 491 1413 Hunc
505 1372 561 1432 ego
575 1352 705 1430 sopitum
720 1371 826 1412 somno
839 1371 930 1430 super
943 1354 1003 1413 alta
1017 1354 1146 1431 Cythera

397 1449 459 1507 Aut
473 1466 563 1523 super
577 1446 706 1505 Idalium
721 1454 837 1505 sacrata
850 1446 924 1505 sede
937 1446 1106 1519 recondam,

398 1542 446 1599 Ne
461 1559 520 1616 qua
534 1540 610 1599 scire
624 1540 712 1598 dolos
725 1539 879 1598 mediusve
894 1557 1049 1599 occurrere
1062 1538 1166 1615 possit

397 1632 446 1691 Tu
460 1632 564 1691 faciem
580 1632 659 1691 illius
674 1640 793 1691 noctem
806 1649 868 1691 non
881 1631 1009 1709 amplius
1022 1650 1113 1690 unam

398 1726 423 1783 F
424 1725 481 1785 alle
496 1726 575 1798 dolo,
591 1734 622 1783 et
636 1734 724 1784 notos
738 1724 822 1801 pueri
835 1741 910 1801 puer
922 1723 1014 1785 indue
1027 1723 1135 1797 vultus,

398 1819 451 1890 Ut,
467 1837 558 1894 quum
572 1828 601 1877 te
616 1818 729 1894 gremio
743 1816 869 1894 accipiet
882 1817 1045 1876 laetissima
1059 1816 1141 1876 Dido

398 1907 530 1988 Regales
544 1910 620 1969 inter
633 1927 753 1970 mensas
767 1909 947 1986 laticemque
961 1911 1102 1988 Lyaeum,

398 2005 499 2078 Quum
513 2004 598 2064 dabit
611 2004 764 2080 amplexus
778 2013 868 2079 atque
882 2005 984 2062 oscula
999 2002 1098 2062 dulcia
1112 2003 1191 2081 figet,

397 2097 557 2157 Occultum
572 2096 696 2173 inspires
711 2096 811 2173 ignem
825 2095 970 2171 fallasque
983 2114 1109 2156 veneno.

399 2191 487 2249 Paret
501 2192 596 2249 Amor
610 2190 698 2249 dictis
712 2207 797 2248 carae
810 2188 981 2267 genetricis,
996 2199 1027 2249 et
1040 2189 1103 2249 alas

399 2281 496 2355 Exuit,
512 2293 543 2342 et
555 2301 660 2361 gressu
673 2282 807 2361 gaudens
821 2281 934 2341 incedit
948 2282 1014 2341 Iuli.

397 2377 440 2435 nt
453 2377 557 2435 Venus
571 2376 702 2435 Ascanio
716 2374 864 2452 placidam
876 2393 932 2452 per
945 2374 1079 2434 membra
1093 2373 1224 2450 quietem
1343 2429 1347 2435 .

399 2467 515 2545 Irrigat,
532 2478 563 2527 et
576 2469 671 2528 fotum
684 2468 798 2546 gremio
812 2468 869 2527 dea
883 2466 961 2527 tollit
974 2468 1005 2527 in
1020 2468 1097 2527 altos

399 2561 514 2620 Idaliae
529 2561 622 2635 lucos,
638 2561 689 2620 ubi
703 2561 801 2620 mollis
815 2578 969 2621 amaracus
983 2559 1067 2620 illum

400 2653 538 2713 Floribus
552 2664 583 2713 et
597 2654 678 2713 dulci
692 2653 848 2731 adspirans
862 2652 1072 2730 complectitur
1084 2651 1197 2713 umbra.

438 2748 565 2823 Jamque
580 2746 643 2807 ibat
656 2746 737 2805 dicto
751 2763 860 2825 pareus
874 2755 905 2806 ct
918 2747 999 2805 dona
1013 2745 1133 2823 Cupido

399 2839 496 2916 Regia
509 2840 648 2916 portabat
662 2840 767 2919 Tyriis,
784 2840 860 2900 duce
874 2841 969 2899 laetus
983 2839 1107 2899 Achate.

400 2933 501 3006 Quum
514 2933 604 3005 venit,
620 2933 732 2992 aulaeis
750 2934 812 3009 Jam
827 2949 860 2992 se
873 2932 977 3011 regina
991 2930 1128 3009 superbis

400 3026 499 3083 Aurea
513 3024 680 3101 composuit
693 3025 811 3101 sponda
823 3024 1013 3101 mediamque
1026 3024 1143 3085 locavit

398 3119 468 3193 Jam
480 3126 565 3194 pater
579 3120 699 3177 Aeneas
713 3125 746 3178 et
761 3117 824 3197 jam
837 3118 970 3197 Troiana
987 3118 1128 3197 juventus

401 3210 600 3284 Conveniunt,
616 3219 769 3287 stratoque
783 3221 872 3288 super
885 3210 1082 3271 discumbitur
1095 3217 1184 3270 ostro.

400 3303 484 3362 Dant
498 3303 599 3362 famuli
613 3302 750 3363 manibus
764 3303 910 3382 lymphas,
926 3304 1127 3380 Cereremque
1140 3302 1278 3364 anisnis
1367 3295 1371 3306 ’

401 3396 581 3473 Expediunt,
597 3396 752 3472 tonsisque
763 3396 864 3455 serunt
877 3395 1119 3457 manteliavillis.

402 3489 628 3567 Quinquaginta
642 3489 722 3548 intus
736 3488 872 3561 famulae,
888 3488 997 3565 quibus
1010 3489 1117 3549 ordine
1130 3488 1251 3568 longam

402 3585 482 3643 Cura
495 3602 606 3659 penum
620 3592 742 3655 struere,
757 3591 789 3642 et
801 3581 930 3641 flammis
945 3582 1064 3642 adolere
1080 3583 1230 3660 Penates3

403 3677 533 3737 Centum
554 3677 629 3737 aliae
644 3675 830 3751 totidemque
843 3681 931 3751 pares
946 3683 1043 3735 aetate
1056 3674 1191 3750 ministri,

401 3767 464 3845 Qui
479 3768 606 3846 dapibus
620 3785 740 3828 mensas
754 3774 879 3827 onerent
893 3775 925 3827 et
936 3768 1046 3844 pocula
1059 3779 1182 3845 ponant

404 3864 471 3921 Nec
484 3880 545 3920 non
560 3870 590 3920 et
603 3860 685 3939 Tyrii
698 3865 753 3937 per
766 3859 869 3918 limina
882 3859 961 3919 laeta
974 3860 1146 3937 frequentes

405 3955 591 4026 Convenere,
607 3953 680 4013 toris
697 3952 773 4033 jussi
786 3951 975 4013 discumbere
988 3952 1086 4031 pictis.

1347 3693 1385 3740 m
