<?xml version="1.0" encoding="UTF-8"?>
<!DOCTYPE html PUBLIC "-//W3C//DTD XHTML 1.0 Transitional//EN"
    "http://www.w3.org/TR/xhtml1/DTD/xhtml1-transitional.dtd">
<html xmlns="http://www.w3.org/1999/xhtml" xml:lang="en" lang="en">
 <head>
  <title>
</title>
<meta http-equiv="Content-Type" content="text/html;charset=utf-8" />
  <meta name='ocr-system' content='tesseract 3.04.00' />
  <meta name='ocr-capabilities' content='ocr_page ocr_carea ocr_par ocr_line ocrx_word'/>
</head>
<body>
  <div class='ocr_page' id='page_1' title='image "./selectionsfromo00rolfgoog_0187.png"; bbox 0 0 3550 4859; ppageno 0'>
   <div class='ocr_carea' id='block_1_1' title="bbox 712 580 1016 627">
    <p class='ocr_par' dir='ltr' id='par_1_1' title="bbox 712 580 1016 627">
     <span class='ocr_line' id='line_1_1' title="bbox 712 580 1016 627; baseline -0.007 -2"><span class='ocrx_word' id='word_1_1' title='bbox 712 581 872 627; x_wconf 73' lang='grc' dir='ltr'>ΔΙΝΙΙΒΟΒ</span> <span class='ocrx_word' id='word_1_2' title='bbox 891 581 953 626; x_wconf 77' lang='lat' dir='ltr'>un.</span> <span class='ocrx_word' id='word_1_3' title='bbox 969 580 1016 624; x_wconf 81' lang='lat'>111.</span> 
     </span>
    </p>
   </div>
   <div class='ocr_carea' id='block_1_2' title="bbox 312 726 1265 4067">
    <p class='ocr_par' dir='ltr' id='par_1_2' title="bbox 378 726 1162 814">
     <span class='ocr_line' id='line_1_2' title="bbox 378 726 1162 814; baseline -0.008 -23"><span class='ocrx_word' id='word_1_4' title='bbox 378 730 478 809; x_wconf 84' lang='lat' dir='ltr'><strong>Epiro,</strong></span> <span class='ocrx_word' id='word_1_5' title='bbox 495 727 653 814; x_wconf 81' lang='lat' dir='ltr'>Hesperia,</span> <span class='ocrx_word' id='word_1_6' title='bbox 669 726 778 805; x_wconf 87' lang='lat' dir='ltr'>quibus</span> <span class='ocrx_word' id='word_1_7' title='bbox 791 727 872 788; x_wconf 90' lang='lat' dir='ltr'>idem</span> <span class='ocrx_word' id='word_1_8' title='bbox 886 726 1045 788; x_wconf 63' lang='lat' dir='ltr'>Darmnus</span> <span class='ocrx_word' id='word_1_9' title='bbox 1058 734 1162 788; x_wconf 83' lang='lat' dir='ltr'><strong>auctor</strong></span> 
     </span>
    </p>

    <p class='ocr_par' dir='ltr' id='par_1_3' title="bbox 377 821 1114 901">
     <span class='ocr_line' id='line_1_3' title="bbox 377 821 1114 901; baseline -0.005 -16"><span class='ocrx_word' id='word_1_10' title='bbox 377 827 478 901; x_wconf 82' lang='lat' dir='ltr'>Atque</span> <span class='ocrx_word' id='word_1_11' title='bbox 491 822 573 884; x_wconf 89' lang='lat' dir='ltr'>idem</span> <span class='ocrx_word' id='word_1_12' title='bbox 586 841 683 896; x_wconf 80' lang='lat' dir='ltr'>casua,</span> <span class='ocrx_word' id='word_1_13' title='bbox 692 834 789 882; x_wconf 75' lang='lat' dir='ltr'>‘imam</span> <span class='ocrx_word' id='word_1_14' title='bbox 802 821 945 882; x_wconf 81' lang='lat' dir='ltr'>faciemus</span> <span class='ocrx_word' id='word_1_15' title='bbox 958 830 1114 898; x_wconf 86' lang='lat' dir='ltr'>utramque</span> 
     </span>
    </p>

    <p class='ocr_par' dir='ltr' id='par_1_4' title="bbox 376 916 1197 1086">
     <span class='ocr_line' id='line_1_4' title="bbox 376 916 1197 997; baseline -0.005 -20"><span class='ocrx_word' id='word_1_16' title='bbox 376 920 499 997; x_wconf 88' lang='lat' dir='ltr'>Trojam</span> <span class='ocrx_word' id='word_1_17' title='bbox 514 916 621 977; x_wconf 91' lang='lat' dir='ltr'>animis</span> <span class='ocrx_word' id='word_1_18' title='bbox 632 937 641 990; x_wconf 90' lang='lat'>;</span> <span class='ocrx_word' id='word_1_19' title='bbox 661 926 780 976; x_wconf 85' lang='lat' dir='ltr'>maneat</span> <span class='ocrx_word' id='word_1_20' title='bbox 797 925 915 975; x_wconf 86' lang='lat' dir='ltr'>nostros</span> <span class='ocrx_word' id='word_1_21' title='bbox 928 934 966 975; x_wconf 89' lang='lat' dir='ltr'>ea</span> <span class='ocrx_word' id='word_1_22' title='bbox 979 933 1050 974; x_wconf 89' lang='lat' dir='ltr'>cura</span> <span class='ocrx_word' id='word_1_23' title='bbox 1062 921 1197 991; x_wconf 85' lang='lat' dir='ltr'>nepotes</span> 
     </span>
     <span class='ocr_line' id='line_1_5' title="bbox 419 1007 1109 1086; baseline -0.001 -17"><span class='ocrx_word' id='word_1_24' title='bbox 419 1009 611 1070; x_wconf 88' lang='lat' dir='ltr'>Provehimur</span> <span class='ocrx_word' id='word_1_25' title='bbox 624 1010 731 1086; x_wconf 84' lang='lat' dir='ltr'>pelago</span> <span class='ocrx_word' id='word_1_26' title='bbox 745 1008 843 1068; x_wconf 85' lang='lat' dir='ltr'>vicina</span> <span class='ocrx_word' id='word_1_27' title='bbox 857 1007 1006 1069; x_wconf 80' lang='lat' dir='ltr'>Ceraunia</span> <span class='ocrx_word' id='word_1_28' title='bbox 1016 1009 1109 1086; x_wconf 79' lang='lat' dir='ltr'>juxta,</span> 
     </span>
    </p>

    <p class='ocr_par' dir='ltr' id='par_1_5' title="bbox 377 1098 1162 1177">
     <span class='ocr_line' id='line_1_6' title="bbox 377 1098 1162 1177; baseline -0.003 -13"><span class='ocrx_word' id='word_1_29' title='bbox 377 1104 469 1165; x_wconf 90' lang='lat' dir='ltr'><strong>Unde</strong></span> <span class='ocrx_word' id='word_1_30' title='bbox 484 1104 540 1163; x_wconf 89' lang='lat' dir='ltr'>iter</span> <span class='ocrx_word' id='word_1_31' title='bbox 554 1103 673 1163; x_wconf 89' lang='lat' dir='ltr'>Italiam</span> <span class='ocrx_word' id='word_1_32' title='bbox 687 1120 848 1177; x_wconf 85' lang='lat' dir='ltr'>cursusque</span> <span class='ocrx_word' id='word_1_33' title='bbox 862 1100 1052 1163; x_wconf 86' lang='lat' dir='ltr'>brevissimus</span> <span class='ocrx_word' id='word_1_34' title='bbox 1065 1098 1162 1162; x_wconf 83' lang='lat' dir='ltr'>undia</span> 
     </span>
    </p>

    <p class='ocr_par' dir='ltr' id='par_1_6' title="bbox 379 1192 1096 1271">
     <span class='ocr_line' id='line_1_7' title="bbox 379 1192 1096 1271; baseline -0.003 -15"><span class='ocrx_word' id='word_1_35' title='bbox 379 1198 431 1257; x_wconf 91' lang='lat' dir='ltr'>Sol</span> <span class='ocrx_word' id='word_1_36' title='bbox 444 1196 501 1256; x_wconf 91' lang='lat' dir='ltr'>ruit</span> <span class='ocrx_word' id='word_1_37' title='bbox 513 1197 626 1256; x_wconf 89' lang='lat' dir='ltr'>interea</span> <span class='ocrx_word' id='word_1_38' title='bbox 639 1205 670 1255; x_wconf 92' lang='lat' dir='ltr'>et</span> <span class='ocrx_word' id='word_1_39' title='bbox 684 1204 801 1254; x_wconf 88' lang='lat' dir='ltr'>montes</span> <span class='ocrx_word' id='word_1_40' title='bbox 815 1196 989 1255; x_wconf 87' lang='lat' dir='ltr'>umbrantur</span> <span class='ocrx_word' id='word_1_41' title='bbox 1001 1192 1096 1271; x_wconf 81' lang='lat' dir='ltr'><strong>opaci.</strong></span> 
     </span>
    </p>

    <p class='ocr_par' dir='ltr' id='par_1_7' title="bbox 377 1286 1115 1365">
     <span class='ocr_line' id='line_1_8' title="bbox 377 1286 1115 1365; baseline -0.007 -14"><span class='ocrx_word' id='word_1_42' title='bbox 377 1290 539 1351; x_wconf 89' lang='lat' dir='ltr'>Stemimur</span> <span class='ocrx_word' id='word_1_43' title='bbox 553 1299 673 1365; x_wconf 88' lang='lat' dir='ltr'>optatae</span> <span class='ocrx_word' id='word_1_44' title='bbox 687 1287 800 1365; x_wconf 86' lang='lat' dir='ltr'>gremio</span> <span class='ocrx_word' id='word_1_45' title='bbox 815 1287 927 1348; x_wconf 88' lang='lat' dir='ltr'>telluris</span> <span class='ocrx_word' id='word_1_46' title='bbox 942 1288 980 1347; x_wconf 82' lang='lat' dir='ltr'>ad</span> <span class='ocrx_word' id='word_1_47' title='bbox 994 1286 1115 1360; x_wconf 85' lang='lat' dir='ltr'>undam,</span> 
     </span>
    </p>

    <p class='ocr_par' dir='ltr' id='par_1_8' title="bbox 377 1380 1023 1458">
     <span class='ocr_line' id='line_1_9' title="bbox 377 1380 1023 1458; baseline -0.005 -15"><span class='ocrx_word' id='word_1_48' title='bbox 377 1381 477 1443; x_wconf 86' lang='lat' dir='ltr'>Sortiti</span> <span class='ocrx_word' id='word_1_49' title='bbox 492 1400 599 1455; x_wconf 89' lang='lat' dir='ltr'>remos,</span> <span class='ocrx_word' id='word_1_50' title='bbox 614 1381 784 1458; x_wconf 84' lang='lat' dir='ltr'><strong>passimque</strong></span> <span class='ocrx_word' id='word_1_51' title='bbox 797 1380 828 1440; x_wconf 92' lang='lat' dir='ltr'>in</span> <span class='ocrx_word' id='word_1_52' title='bbox 842 1381 928 1440; x_wconf 91' lang='lat' dir='ltr'>litore</span> <span class='ocrx_word' id='word_1_53' title='bbox 943 1380 1023 1440; x_wconf 92' lang='lat' dir='ltr'>sicco</span> 
     </span>
    </p>

    <p class='ocr_par' dir='ltr' id='par_1_9' title="bbox 378 1472 1120 1553">
     <span class='ocr_line' id='line_1_10' title="bbox 378 1472 1120 1553; baseline -0.009 -16"><span class='ocrx_word' id='word_1_54' title='bbox 378 1478 515 1553; x_wconf 88' lang='lat' dir='ltr'>Corpora</span> <span class='ocrx_word' id='word_1_55' title='bbox 529 1494 664 1534; x_wconf 88' lang='lat' dir='ltr'>curamus</span> <span class='ocrx_word' id='word_1_56' title='bbox 676 1496 685 1549; x_wconf 89' lang='lat'>;</span> <span class='ocrx_word' id='word_1_57' title='bbox 705 1475 802 1535; x_wconf 87' lang='lat' dir='ltr'>fessos</span> <span class='ocrx_word' id='word_1_58' title='bbox 816 1491 908 1550; x_wconf 84' lang='lat' dir='ltr'>sopor</span> <span class='ocrx_word' id='word_1_59' title='bbox 922 1472 1019 1551; x_wconf 85' lang='lat' dir='ltr'>irrigat</span> <span class='ocrx_word' id='word_1_60' title='bbox 1034 1482 1120 1533; x_wconf 85' lang='lat' dir='ltr'>artus.</span> 
     </span>
    </p>

    <p class='ocr_par' dir='ltr' id='par_1_10' title="bbox 379 1564 1197 1629">
     <span class='ocr_line' id='line_1_11' title="bbox 379 1564 1197 1629; baseline -0.002 0"><span class='ocrx_word' id='word_1_61' title='bbox 379 1570 519 1629; x_wconf 85' lang='lat' dir='ltr'>Necdum</span> <span class='ocrx_word' id='word_1_62' title='bbox 534 1570 638 1627; x_wconf 88' lang='lat' dir='ltr'>orbem</span> <span class='ocrx_word' id='word_1_63' title='bbox 653 1568 785 1628; x_wconf 90' lang='lat' dir='ltr'>medium</span> <span class='ocrx_word' id='word_1_64' title='bbox 800 1569 870 1626; x_wconf 84' lang='lat' dir='ltr'>Nox</span> <span class='ocrx_word' id='word_1_65' title='bbox 883 1567 965 1626; x_wconf 90' lang='lat' dir='ltr'>horis</span> <span class='ocrx_word' id='word_1_66' title='bbox 979 1576 1046 1627; x_wconf 90' lang='lat' dir='ltr'>acta</span> <span class='ocrx_word' id='word_1_67' title='bbox 1060 1564 1197 1627; x_wconf 88' lang='lat' dir='ltr'>subibat:</span> 
     </span>
    </p>

    <p class='ocr_par' dir='ltr' id='par_1_11' title="bbox 380 1659 1129 1739">
     <span class='ocr_line' id='line_1_12' title="bbox 380 1659 1129 1739; baseline -0.005 -16"><span class='ocrx_word' id='word_1_68' title='bbox 380 1663 472 1723; x_wconf 86' lang='lat' dir='ltr'>Haud</span> <span class='ocrx_word' id='word_1_69' title='bbox 488 1660 587 1739; x_wconf 90' lang='lat' dir='ltr'>segnis</span> <span class='ocrx_word' id='word_1_70' title='bbox 602 1670 693 1722; x_wconf 88' lang='lat' dir='ltr'>strato</span> <span class='ocrx_word' id='word_1_71' title='bbox 707 1659 797 1736; x_wconf 87' lang='lat' dir='ltr'>surgit</span> <span class='ocrx_word' id='word_1_72' title='bbox 811 1659 966 1719; x_wconf 89' lang='lat' dir='ltr'>Palinurus</span> <span class='ocrx_word' id='word_1_73' title='bbox 980 1669 1011 1719; x_wconf 90' lang='lat' dir='ltr'>et</span> <span class='ocrx_word' id='word_1_74' title='bbox 1024 1678 1129 1720; x_wconf 86' lang='lat' dir='ltr'>omnes</span> 
     </span>
    </p>

    <p class='ocr_par' dir='ltr' id='par_1_12' title="bbox 378 1753 1105 1833">
     <span class='ocr_line' id='line_1_13' title="bbox 378 1753 1105 1833; baseline -0.004 -18"><span class='ocrx_word' id='word_1_75' title='bbox 378 1757 522 1833; x_wconf 86' lang='lat' dir='ltr'>Explorat</span> <span class='ocrx_word' id='word_1_76' title='bbox 534 1764 649 1826; x_wconf 84' lang='lat' dir='ltr'>ventos,</span> <span class='ocrx_word' id='word_1_77' title='bbox 664 1764 754 1830; x_wconf 91' lang='lat' dir='ltr'>atque</span> <span class='ocrx_word' id='word_1_78' title='bbox 769 1753 887 1814; x_wconf 85' lang='lat' dir='ltr'>auribus</span> <span class='ocrx_word' id='word_1_79' title='bbox 903 1756 970 1813; x_wconf 69' lang='lat' dir='ltr'>adra</span> <span class='ocrx_word' id='word_1_80' title='bbox 984 1763 1105 1830; x_wconf 78' lang='lat' dir='ltr'>captat3</span> 
     </span>
    </p>

    <p class='ocr_par' dir='ltr' id='par_1_13' title="bbox 380 1846 1063 1930">
     <span class='ocr_line' id='line_1_14' title="bbox 380 1846 1063 1930; baseline -0.004 -21"><span class='ocrx_word' id='word_1_81' title='bbox 380 1849 484 1909; x_wconf 87' lang='lat' dir='ltr'>Sidera</span> <span class='ocrx_word' id='word_1_82' title='bbox 497 1857 606 1908; x_wconf 90' lang='lat' dir='ltr'>cuncta</span> <span class='ocrx_word' id='word_1_83' title='bbox 619 1856 703 1908; x_wconf 87' lang='lat' dir='ltr'>notat</span> <span class='ocrx_word' id='word_1_84' title='bbox 717 1847 809 1906; x_wconf 88' lang='lat' dir='ltr'>tacito</span> <span class='ocrx_word' id='word_1_85' title='bbox 822 1847 954 1906; x_wconf 86' lang='lat' dir='ltr'>labentia</span> <span class='ocrx_word' id='word_1_86' title='bbox 967 1846 1063 1930; x_wconf 83' lang='lat' dir='ltr'>coelo,</span> 
     </span>
    </p>

    <p class='ocr_par' dir='ltr' id='par_1_14' title="bbox 377 1936 1226 2017">
     <span class='ocr_line' id='line_1_15' title="bbox 377 1936 1226 2017; baseline -0.004 -16"><span class='ocrx_word' id='word_1_87' title='bbox 377 1945 537 2002; x_wconf 82' lang='lat' dir='ltr'>Arcturum</span> <span class='ocrx_word' id='word_1_88' title='bbox 551 1940 726 2017; x_wconf 89' lang='lat' dir='ltr'>pluviasque</span> <span class='ocrx_word' id='word_1_89' title='bbox 741 1940 867 2017; x_wconf 89' lang='lat' dir='ltr'>Hyadas</span> <span class='ocrx_word' id='word_1_90' title='bbox 881 1938 1078 2016; x_wconf 88' lang='lat' dir='ltr'>geminosque</span> <span class='ocrx_word' id='word_1_91' title='bbox 1090 1936 1226 2011; x_wconf 73' lang='lat' dir='ltr'>&#39;l&#39;rioues¹</span> 
     </span>
    </p>

    <p class='ocr_par' dir='ltr' id='par_1_15' title="bbox 377 2032 1029 2111">
     <span class='ocr_line' id='line_1_16' title="bbox 377 2032 1029 2111; baseline 0 -17"><span class='ocrx_word' id='word_1_92' title='bbox 377 2038 594 2111; x_wconf 91' lang='lat' dir='ltr'>Armatumque</span> <span class='ocrx_word' id='word_1_93' title='bbox 608 2052 681 2094; x_wconf 90' lang='lat' dir='ltr'>auro</span> <span class='ocrx_word' id='word_1_94' title='bbox 695 2032 894 2110; x_wconf 87' lang='lat' dir='ltr'>circumspicit</span> <span class='ocrx_word' id='word_1_95' title='bbox 908 2032 1029 2094; x_wconf 82' lang='lat' dir='ltr'>Oriona</span> 
     </span>
    </p>

    <p class='ocr_par' dir='ltr' id='par_1_16' title="bbox 312 2126 1139 2204">
     <span class='ocr_line' id='line_1_17' title="bbox 312 2126 1139 2204; baseline -0.004 -16"><span class='ocrx_word' id='word_1_96' title='bbox 312 2183 318 2198; x_wconf 78' lang='grc'><em>,</em></span> <span class='ocrx_word' id='word_1_97' title='bbox 379 2131 542 2204; x_wconf 88' lang='lat' dir='ltr'>Postquam</span> <span class='ocrx_word' id='word_1_98' title='bbox 557 2137 666 2187; x_wconf 87' lang='lat' dir='ltr'>cuncta</span> <span class='ocrx_word' id='word_1_99' title='bbox 678 2126 760 2186; x_wconf 90' lang='lat' dir='ltr'>videt</span> <span class='ocrx_word' id='word_1_100' title='bbox 774 2127 860 2187; x_wconf 91' lang='lat' dir='ltr'>coelo</span> <span class='ocrx_word' id='word_1_101' title='bbox 874 2137 1010 2187; x_wconf 80' lang='lat' dir='ltr'>constare</span> <span class='ocrx_word' id='word_1_102' title='bbox 1024 2144 1139 2199; x_wconf 88' lang='lat' dir='ltr'>sereno,</span> 
     </span>
    </p>

    <p class='ocr_par' dir='ltr' id='par_1_17' title="bbox 379 2219 1219 2297">
     <span class='ocr_line' id='line_1_18' title="bbox 379 2219 1219 2297; baseline -0.004 -16"><span class='ocrx_word' id='word_1_103' title='bbox 379 2223 442 2281; x_wconf 92' lang='lat' dir='ltr'>Dat</span> <span class='ocrx_word' id='word_1_104' title='bbox 456 2222 567 2281; x_wconf 88' lang='lat' dir='ltr'>clarum</span> <span class='ocrx_word' id='word_1_105' title='bbox 583 2240 599 2280; x_wconf 90' lang='lat' dir='ltr'>e</span> <span class='ocrx_word' id='word_1_106' title='bbox 613 2220 707 2297; x_wconf 92' lang='lat' dir='ltr'>puppi</span> <span class='ocrx_word' id='word_1_107' title='bbox 721 2219 856 2297; x_wconf 83' lang='lat' dir='ltr'>signum3</span> <span class='ocrx_word' id='word_1_108' title='bbox 876 2239 932 2280; x_wconf 82' lang='lat' dir='ltr'>nos</span> <span class='ocrx_word' id='word_1_109' title='bbox 946 2229 1045 2280; x_wconf 89' lang='lat' dir='ltr'>castra</span> <span class='ocrx_word' id='word_1_110' title='bbox 1056 2235 1219 2291; x_wconf 75' lang='lat' dir='ltr'>movemur,</span> 
     </span>
    </p>

    <p class='ocr_par' dir='ltr' id='par_1_18' title="bbox 377 2312 1237 2390">
     <span class='ocr_line' id='line_1_19' title="bbox 377 2312 1237 2390; baseline -0.001 -17"><span class='ocrx_word' id='word_1_111' title='bbox 377 2316 603 2390; x_wconf 90' lang='lat' dir='ltr'>Tentamusque</span> <span class='ocrx_word' id='word_1_112' title='bbox 617 2312 696 2373; x_wconf 90' lang='lat' dir='ltr'>viam</span> <span class='ocrx_word' id='word_1_113' title='bbox 710 2323 740 2373; x_wconf 87' lang='lat' dir='ltr'>et</span> <span class='ocrx_word' id='word_1_114' title='bbox 754 2314 887 2373; x_wconf 88' lang='lat' dir='ltr'>velorum</span> <span class='ocrx_word' id='word_1_115' title='bbox 902 2312 1062 2389; x_wconf 86' lang='lat' dir='ltr'>pandimus</span> <span class='ocrx_word' id='word_1_116' title='bbox 1075 2312 1146 2372; x_wconf 86' lang='lat' dir='ltr'>alas.</span> <span class='ocrx_word' id='word_1_117' title='bbox 1234 2349 1237 2354; x_wconf 60' lang='lat'>&lt;</span> 
     </span>
    </p>

    <p class='ocr_par' dir='ltr' id='par_1_19' title="bbox 378 2406 1065 2486">
     <span class='ocr_line' id='line_1_20' title="bbox 378 2406 1065 2486; baseline -0.001 -20"><span class='ocrx_word' id='word_1_118' title='bbox 378 2409 506 2486; x_wconf 88' lang='lat' dir='ltr'>Jamque</span> <span class='ocrx_word' id='word_1_119' title='bbox 520 2407 697 2467; x_wconf 91' lang='lat' dir='ltr'>rubescebat</span> <span class='ocrx_word' id='word_1_120' title='bbox 711 2406 802 2467; x_wconf 88' lang='lat' dir='ltr'>stellis</span> <span class='ocrx_word' id='word_1_121' title='bbox 817 2408 936 2466; x_wconf 90' lang='lat' dir='ltr'>Aurora</span> <span class='ocrx_word' id='word_1_122' title='bbox 948 2406 1065 2485; x_wconf 85' lang='lat' dir='ltr'>fugatis,</span> 
     </span>
    </p>

    <p class='ocr_par' dir='ltr' id='par_1_20' title="bbox 379 2496 1229 2577">
     <span class='ocr_line' id='line_1_21' title="bbox 379 2496 1229 2577; baseline -0.004 -17"><span class='ocrx_word' id='word_1_123' title='bbox 379 2502 482 2575; x_wconf 91' lang='lat' dir='ltr'>Quum</span> <span class='ocrx_word' id='word_1_124' title='bbox 495 2500 599 2577; x_wconf 93' lang='lat' dir='ltr'>procul</span> <span class='ocrx_word' id='word_1_125' title='bbox 612 2500 755 2559; x_wconf 87' lang='lat' dir='ltr'>obscurus</span> <span class='ocrx_word' id='word_1_126' title='bbox 769 2500 863 2559; x_wconf 93' lang='lat' dir='ltr'>colles</span> <span class='ocrx_word' id='word_1_127' title='bbox 877 2499 1079 2576; x_wconf 90' lang='lat' dir='ltr'>humilemque</span> <span class='ocrx_word' id='word_1_128' title='bbox 1092 2496 1229 2559; x_wconf 83' lang='lat' dir='ltr'>videmus</span> 
     </span>
    </p>

    <p class='ocr_par' dir='ltr' id='par_1_21' title="bbox 381 2591 1134 2669">
     <span class='ocr_line' id='line_1_22' title="bbox 381 2591 1134 2669; baseline -0.003 -15"><span class='ocrx_word' id='word_1_129' title='bbox 381 2594 508 2654; x_wconf 91' lang='lat' dir='ltr'>Italiam.</span> <span class='ocrx_word' id='word_1_130' title='bbox 553 2592 670 2653; x_wconf 89' lang='lat' dir='ltr'>Italiam</span> <span class='ocrx_word' id='word_1_131' title='bbox 684 2591 797 2669; x_wconf 91' lang='lat' dir='ltr'>primus</span> <span class='ocrx_word' id='word_1_132' title='bbox 811 2593 980 2653; x_wconf 86' lang='lat' dir='ltr'>conclamat</span> <span class='ocrx_word' id='word_1_133' title='bbox 993 2593 1134 2665; x_wconf 90' lang='lat' dir='ltr'>Achates,</span> 
     </span>
    </p>

    <p class='ocr_par' dir='ltr' id='par_1_22' title="bbox 381 2685 976 2748">
     <span class='ocr_line' id='line_1_23' title="bbox 381 2685 976 2748; baseline -0.003 0"><span class='ocrx_word' id='word_1_134' title='bbox 381 2687 499 2748; x_wconf 86' lang='lat' dir='ltr'>Italiam</span> <span class='ocrx_word' id='word_1_135' title='bbox 513 2687 592 2747; x_wconf 89' lang='lat' dir='ltr'>laeto</span> <span class='ocrx_word' id='word_1_136' title='bbox 607 2685 680 2745; x_wconf 91' lang='lat' dir='ltr'>socii</span> <span class='ocrx_word' id='word_1_137' title='bbox 694 2687 824 2745; x_wconf 88' lang='lat' dir='ltr'>clamore</span> <span class='ocrx_word' id='word_1_138' title='bbox 839 2687 976 2746; x_wconf 72' lang='lat' dir='ltr'>salutant.</span> 
     </span>
    </p>

    <p class='ocr_par' dir='ltr' id='par_1_23' title="bbox 380 2779 1123 2857">
     <span class='ocr_line' id='line_1_24' title="bbox 380 2779 1123 2857; baseline 0.001 -18"><span class='ocrx_word' id='word_1_139' title='bbox 380 2783 460 2839; x_wconf 86' lang='lat' dir='ltr'>Tum</span> <span class='ocrx_word' id='word_1_140' title='bbox 474 2791 558 2857; x_wconf 88' lang='lat' dir='ltr'>pater</span> <span class='ocrx_word' id='word_1_141' title='bbox 570 2779 718 2840; x_wconf 82' lang='lat' dir='ltr'>Anchises</span> <span class='ocrx_word' id='word_1_142' title='bbox 732 2799 870 2857; x_wconf 86' lang='lat' dir='ltr'>magnam</span> <span class='ocrx_word' id='word_1_143' title='bbox 885 2790 998 2840; x_wconf 90' lang='lat' dir='ltr'>cratera</span> <span class='ocrx_word' id='word_1_144' title='bbox 1010 2796 1123 2840; x_wconf 86' lang='lat' dir='ltr'>corona</span> 
     </span>
    </p>

    <p class='ocr_par' dir='ltr' id='par_1_24' title="bbox 382 2870 1090 2950">
     <span class='ocr_line' id='line_1_25' title="bbox 382 2870 1090 2950; baseline -0.003 -17"><span class='ocrx_word' id='word_1_145' title='bbox 382 2873 486 2934; x_wconf 92' lang='lat' dir='ltr'>Induit</span> <span class='ocrx_word' id='word_1_146' title='bbox 500 2872 692 2950; x_wconf 87' lang='lat' dir='ltr'>implevitque</span> <span class='ocrx_word' id='word_1_147' title='bbox 705 2892 797 2947; x_wconf 83' lang='lat' dir='ltr'>mem,</span> <span class='ocrx_word' id='word_1_148' title='bbox 813 2873 958 2949; x_wconf 89' lang='lat' dir='ltr'>divosque</span> <span class='ocrx_word' id='word_1_149' title='bbox 972 2870 1090 2932; x_wconf 83' lang='lat' dir='ltr'>vocavit</span> 
     </span>
    </p>

    <p class='ocr_par' dir='ltr' id='par_1_25' title="bbox 383 2965 738 3043">
     <span class='ocr_line' id='line_1_26' title="bbox 383 2965 738 3043; baseline -0.008 -16"><span class='ocrx_word' id='word_1_150' title='bbox 383 2969 472 3027; x_wconf 90' lang='lat' dir='ltr'>Stans</span> <span class='ocrx_word' id='word_1_151' title='bbox 486 2968 566 3026; x_wconf 91' lang='lat' dir='ltr'>celsa</span> <span class='ocrx_word' id='word_1_152' title='bbox 580 2965 610 3025; x_wconf 87' lang='lat' dir='ltr'>in</span> <span class='ocrx_word' id='word_1_153' title='bbox 625 2966 738 3043; x_wconf 89' lang='lat' dir='ltr'>puppi:</span> 
     </span>
    </p>

    <p class='ocr_par' dir='ltr' id='par_1_26' title="bbox 383 3060 1120 3142">
     <span class='ocr_line' id='line_1_27' title="bbox 383 3060 1120 3142; baseline -0.001 -23"><span class='ocrx_word' id='word_1_154' title='bbox 383 3060 423 3119; x_wconf 94' lang='lat' dir='ltr'>Di</span> <span class='ocrx_word' id='word_1_155' title='bbox 437 3060 525 3119; x_wconf 87' lang='lat' dir='ltr'>maris</span> <span class='ocrx_word' id='word_1_156' title='bbox 539 3070 568 3119; x_wconf 90' lang='lat' dir='ltr'>et</span> <span class='ocrx_word' id='word_1_157' title='bbox 579 3069 674 3119; x_wconf 84' lang='lat' dir='ltr'>terrae</span> <span class='ocrx_word' id='word_1_158' title='bbox 687 3069 958 3142; x_wconf 82' lang='lat' dir='ltr'>tempestatumque</span> <span class='ocrx_word' id='word_1_159' title='bbox 971 3066 1120 3136; x_wconf 85' lang='lat' dir='ltr'>potentes,</span> 
     </span>
    </p>

    <p class='ocr_par' dir='ltr' id='par_1_27' title="bbox 382 3148 1109 3229">
     <span class='ocr_line' id='line_1_28' title="bbox 382 3148 1109 3229; baseline -0.004 -17"><span class='ocrx_word' id='word_1_160' title='bbox 382 3154 469 3212; x_wconf 90' lang='lat' dir='ltr'>Ferte</span> <span class='ocrx_word' id='word_1_161' title='bbox 483 3152 562 3212; x_wconf 91' lang='lat' dir='ltr'>viam</span> <span class='ocrx_word' id='word_1_162' title='bbox 576 3162 666 3212; x_wconf 91' lang='lat' dir='ltr'>vento</span> <span class='ocrx_word' id='word_1_163' title='bbox 680 3152 798 3212; x_wconf 85' lang='lat' dir='ltr'>facilem</span> <span class='ocrx_word' id='word_1_164' title='bbox 812 3163 842 3212; x_wconf 92' lang='lat' dir='ltr'>et</span> <span class='ocrx_word' id='word_1_165' title='bbox 856 3153 965 3229; x_wconf 88' lang='lat' dir='ltr'>spirate</span> <span class='ocrx_word' id='word_1_166' title='bbox 979 3148 1109 3212; x_wconf 84' lang='lat' dir='ltr'>secundi</span> 
     </span>
    </p>

    <p class='ocr_par' dir='ltr' id='par_1_28' title="bbox 383 3240 1146 3323">
     <span class='ocr_line' id='line_1_29' title="bbox 383 3240 1146 3323; baseline -0.005 -17"><span class='ocrx_word' id='word_1_167' title='bbox 383 3247 582 3306; x_wconf 91' lang='lat' dir='ltr'>Crebrescunt</span> <span class='ocrx_word' id='word_1_168' title='bbox 596 3255 715 3323; x_wconf 88' lang='lat' dir='ltr'>optatae</span> <span class='ocrx_word' id='word_1_169' title='bbox 730 3264 826 3319; x_wconf 87' lang='lat' dir='ltr'>aurae,</span> <span class='ocrx_word' id='word_1_170' title='bbox 841 3256 1004 3322; x_wconf 88' lang='lat' dir='ltr'>portusque</span> <span class='ocrx_word' id='word_1_171' title='bbox 1017 3240 1146 3320; x_wconf 84' lang='lat' dir='ltr'>patescit</span> 
     </span>
    </p>

    <p class='ocr_par' dir='ltr' id='par_1_29' title="bbox 381 3334 1265 3416">
     <span class='ocr_line' id='line_1_30' title="bbox 381 3334 1265 3416; baseline -0.001 -19"><span class='ocrx_word' id='word_1_172' title='bbox 381 3340 450 3415; x_wconf 92' lang='lat' dir='ltr'>Jam</span> <span class='ocrx_word' id='word_1_173' title='bbox 464 3338 607 3416; x_wconf 86' lang='lat' dir='ltr'>proprior,</span> <span class='ocrx_word' id='word_1_174' title='bbox 622 3339 826 3415; x_wconf 87' lang='lat' dir='ltr'>templumque</span> <span class='ocrx_word' id='word_1_175' title='bbox 840 3348 963 3415; x_wconf 89' lang='lat' dir='ltr'>apparet</span> <span class='ocrx_word' id='word_1_176' title='bbox 976 3338 1007 3395; x_wconf 88' lang='lat' dir='ltr'>in</span> <span class='ocrx_word' id='word_1_177' title='bbox 1022 3354 1088 3396; x_wconf 89' lang='lat' dir='ltr'>arce</span> <span class='ocrx_word' id='word_1_178' title='bbox 1102 3334 1265 3398; x_wconf 73' lang='lat' dir='ltr'>Minervae</span> 
     </span>
    </p>

    <p class='ocr_par' dir='ltr' id='par_1_30' title="bbox 381 3430 1146 3509">
     <span class='ocr_line' id='line_1_31' title="bbox 381 3430 1146 3509; baseline 0.001 -20"><span class='ocrx_word' id='word_1_179' title='bbox 381 3433 460 3491; x_wconf 87' lang='lat' dir='ltr'>Vela</span> <span class='ocrx_word' id='word_1_180' title='bbox 473 3433 574 3509; x_wconf 91' lang='lat' dir='ltr'>legunt</span> <span class='ocrx_word' id='word_1_181' title='bbox 589 3431 669 3504; x_wconf 91' lang='lat' dir='ltr'>socii,</span> <span class='ocrx_word' id='word_1_182' title='bbox 686 3441 716 3491; x_wconf 89' lang='lat' dir='ltr'>et</span> <span class='ocrx_word' id='word_1_183' title='bbox 729 3449 831 3508; x_wconf 88' lang='lat' dir='ltr'>proras</span> <span class='ocrx_word' id='word_1_184' title='bbox 845 3432 885 3490; x_wconf 88' lang='lat' dir='ltr'>ad</span> <span class='ocrx_word' id='word_1_185' title='bbox 899 3430 984 3490; x_wconf 88' lang='lat' dir='ltr'>litora</span> <span class='ocrx_word' id='word_1_186' title='bbox 997 3438 1146 3507; x_wconf 81' lang='lat' dir='ltr'>torquent</span> 
     </span>
    </p>

    <p class='ocr_par' dir='ltr' id='par_1_31' title="bbox 383 3524 1095 3596">
     <span class='ocr_line' id='line_1_32' title="bbox 383 3524 1095 3596; baseline -0.001 -13"><span class='ocrx_word' id='word_1_187' title='bbox 383 3526 490 3585; x_wconf 88' lang='lat' dir='ltr'>Portus</span> <span class='ocrx_word' id='word_1_188' title='bbox 505 3525 543 3584; x_wconf 90' lang='lat' dir='ltr'>ab</span> <span class='ocrx_word' id='word_1_189' title='bbox 559 3527 657 3585; x_wconf 93' lang='lat' dir='ltr'>Euroo</span> <span class='ocrx_word' id='word_1_190' title='bbox 670 3524 763 3583; x_wconf 86' lang='lat' dir='ltr'>fluctu</span> <span class='ocrx_word' id='word_1_191' title='bbox 776 3534 915 3583; x_wconf 80' lang='lat' dir='ltr'>curvatus</span> <span class='ocrx_word' id='word_1_192' title='bbox 929 3524 960 3582; x_wconf 92' lang='lat' dir='ltr'>in</span> <span class='ocrx_word' id='word_1_193' title='bbox 975 3541 1095 3596; x_wconf 82' lang='lat' dir='ltr'>arcum3</span> 
     </span>
    </p>

    <p class='ocr_par' dir='ltr' id='par_1_32' title="bbox 382 3615 1098 3696">
     <span class='ocr_line' id='line_1_33' title="bbox 382 3615 1098 3696; baseline -0.006 -17"><span class='ocrx_word' id='word_1_194' title='bbox 382 3618 529 3696; x_wconf 89' lang='lat' dir='ltr'>Objeetae</span> <span class='ocrx_word' id='word_1_195' title='bbox 544 3618 621 3678; x_wconf 83' lang='lat' dir='ltr'>salsa</span> <span class='ocrx_word' id='word_1_196' title='bbox 634 3627 773 3694; x_wconf 88' lang='lat' dir='ltr'>spumant</span> <span class='ocrx_word' id='word_1_197' title='bbox 787 3615 962 3694; x_wconf 83' lang='lat' dir='ltr'>adspergine</span> <span class='ocrx_word' id='word_1_198' title='bbox 976 3627 1098 3689; x_wconf 88' lang='lat' dir='ltr'>cautes;</span> 
     </span>
    </p>

    <p class='ocr_par' dir='ltr' id='par_1_33' title="bbox 383 3708 1104 3788">
     <span class='ocr_line' id='line_1_34' title="bbox 383 3708 1104 3788; baseline 0 -19"><span class='ocrx_word' id='word_1_199' title='bbox 383 3714 454 3788; x_wconf 92' lang='lat' dir='ltr'>Ipse</span> <span class='ocrx_word' id='word_1_200' title='bbox 469 3711 541 3770; x_wconf 89' lang='lat' dir='ltr'>latet</span> <span class='ocrx_word' id='word_1_201' title='bbox 552 3732 560 3784; x_wconf 83' lang='lat'>3</span> <span class='ocrx_word' id='word_1_202' title='bbox 579 3711 699 3787; x_wconf 87' lang='lat' dir='ltr'>gemino</span> <span class='ocrx_word' id='word_1_203' title='bbox 713 3710 872 3770; x_wconf 90' lang='lat' dir='ltr'>demittunt</span> <span class='ocrx_word' id='word_1_204' title='bbox 885 3708 1007 3769; x_wconf 87' lang='lat' dir='ltr'>brachia</span> <span class='ocrx_word' id='word_1_205' title='bbox 1020 3727 1104 3769; x_wconf 87' lang='lat' dir='ltr'>muro</span> 
     </span>
    </p>

    <p class='ocr_par' dir='ltr' id='par_1_34' title="bbox 382 3801 1128 3880">
     <span class='ocr_line' id='line_1_35' title="bbox 382 3801 1128 3880; baseline -0.003 -18"><span class='ocrx_word' id='word_1_206' title='bbox 382 3803 493 3863; x_wconf 89' lang='lat' dir='ltr'>Turriti</span> <span class='ocrx_word' id='word_1_207' title='bbox 507 3802 630 3880; x_wconf 91' lang='lat' dir='ltr'>scopuli,</span> <span class='ocrx_word' id='word_1_208' title='bbox 645 3802 811 3879; x_wconf 79' lang='lat' dir='ltr'>refugitque</span> <span class='ocrx_word' id='word_1_209' title='bbox 824 3803 863 3862; x_wconf 88' lang='lat' dir='ltr'>ab</span> <span class='ocrx_word' id='word_1_210' title='bbox 877 3802 964 3862; x_wconf 88' lang='lat' dir='ltr'>litore</span> <span class='ocrx_word' id='word_1_211' title='bbox 976 3801 1128 3878; x_wconf 85' lang='lat' dir='ltr'>templum.</span> 
     </span>
    </p>

    <p class='ocr_par' dir='ltr' id='par_1_35' title="bbox 383 3892 1221 3973">
     <span class='ocr_line' id='line_1_36' title="bbox 383 3892 1221 3973; baseline 0.001 -18"><span class='ocrx_word' id='word_1_212' title='bbox 383 3896 520 3970; x_wconf 91' lang='lat' dir='ltr'>Quatuor</span> <span class='ocrx_word' id='word_1_213' title='bbox 533 3896 590 3970; x_wconf 89' lang='lat' dir='ltr'>hic,</span> <span class='ocrx_word' id='word_1_214' title='bbox 606 3895 733 3973; x_wconf 82' lang='lat' dir='ltr'>primum</span> <span class='ocrx_word' id='word_1_215' title='bbox 746 3915 846 3969; x_wconf 87' lang='lat' dir='ltr'>omen,</span> <span class='ocrx_word' id='word_1_216' title='bbox 861 3914 956 3971; x_wconf 85' lang='lat' dir='ltr'>equos</span> <span class='ocrx_word' id='word_1_217' title='bbox 969 3895 1000 3953; x_wconf 90' lang='lat' dir='ltr'>in</span> <span class='ocrx_word' id='word_1_218' title='bbox 1013 3893 1146 3972; x_wconf 87' lang='lat' dir='ltr'>gramine</span> <span class='ocrx_word' id='word_1_219' title='bbox 1158 3892 1221 3956; x_wconf 79' lang='lat' dir='ltr'>vidi</span> 
     </span>
    </p>

    <p class='ocr_par' dir='ltr' id='par_1_36' title="bbox 382 3986 1049 4067">
     <span class='ocr_line' id='line_1_37' title="bbox 382 3986 1049 4067; baseline -0.003 -18"><span class='ocrx_word' id='word_1_220' title='bbox 382 3990 559 4051; x_wconf 88' lang='lat' dir='ltr'>Tondentes</span> <span class='ocrx_word' id='word_1_221' title='bbox 573 4007 712 4067; x_wconf 84' lang='lat' dir='ltr'>campum</span> <span class='ocrx_word' id='word_1_222' title='bbox 725 3989 793 4062; x_wconf 80' lang='lat' dir='ltr'>late,</span> <span class='ocrx_word' id='word_1_223' title='bbox 808 3988 940 4050; x_wconf 84' lang='lat' dir='ltr'>candore</span> <span class='ocrx_word' id='word_1_224' title='bbox 951 3986 1049 4048; x_wconf 84' lang='lat' dir='ltr'>nivali.</span> 
     </span>
    </p>
   </div>
   <div class='ocr_carea' id='block_1_3' title="bbox 0 0 1789 4859">
    <p class='ocr_par' dir='ltr' id='par_1_37' title="bbox 0 0 1789 4859">
     <span class='ocr_line' id='line_1_38' title="bbox 0 0 1789 4859; baseline 0 0"><span class='ocrx_word' id='word_1_225' title='bbox 0 0 1789 4859; x_wconf 95' lang='lat' dir='ltr'> </span> 
     </span>
    </p>
   </div>
  </div>
 </body>
</html>
