3550 4859
745 565 904 609 AENEIDOS
926 565 983 609 ΜΒ.
1007 566 1039 608 11.
1323 569 1376 629 151

405 711 487 790 Quid
500 710 591 771 suris?
612 721 662 770 aut
677 729 808 787 quonam
822 711 914 771 nostri
929 711 982 773 tibi
997 731 1067 772 cura
1082 710 1225 773 recessit?
1343 741 1379 781 ros

405 807 477 866 Non
490 804 572 882 prius
586 803 742 880 adspicies
758 804 810 863 ubi
823 805 936 865 fessum
951 816 1046 865 aetate
1061 817 1213 882 parentem

404 897 539 975 Liqueris
554 896 729 957 Anchisen?
750 909 867 974 superet
881 900 1029 975 conjuxne
1046 901 1165 971 Creusa,

403 990 610 1066 Ascaniusque
624 992 717 1065 puer?
736 1009 812 1067 quos
823 1009 928 1050 omnes
938 991 1070 1067 undique
1085 991 1192 1052 Graiae

403 1083 621 1145 Circumerrant
635 1082 722 1156 acies,
739 1093 776 1157 et,
793 1082 823 1141 ni
838 1103 905 1143 mea
919 1103 989 1142 cura
1003 1083 1127 1158 resistat,

400 1179 471 1254 Jam
485 1175 623 1235 flammae
637 1175 757 1235 tulerint
771 1175 907 1236 inimicus
923 1188 952 1236 et
965 1177 1096 1237 hauserit
1111 1176 1196 1237 ensis.
1342 1195 1379 1234 ⁶oe

402 1272 475 1329 Non
490 1268 543 1329 tibi
557 1268 735 1345 Tyndaridis
749 1269 840 1328 facies
855 1269 950 1329 invisa
964 1272 1119 1330 Lacaenae

401 1363 584 1440 Culpatusve
600 1360 690 1435 Paris,
706 1361 806 1421 divum
822 1361 1020 1436 inclementia,
1036 1363 1145 1438 divum,

401 1458 471 1516 Has
485 1454 588 1515 evertit
602 1474 676 1532 opes
691 1454 852 1532 sternitque
867 1475 886 1515 a
899 1455 1028 1515 culmine
1042 1457 1172 1534 Trojam.

399 1548 583 1625 Adspice-
592 1566 720 1623 namque
736 1567 865 1621 omnem,
882 1568 959 1624 quae
974 1568 1053 1607 nunc
1068 1550 1199 1610 obducta
1213 1549 1307 1613 tuenti

399 1642 545 1702 Mortales
559 1641 681 1701 hebetat
694 1639 774 1700 visus
789 1640 842 1701 tibi
857 1652 887 1701 et
901 1641 1024 1701 humida
1038 1641 1148 1701 circum
1339 1660 1377 1709 σος

399 1734 526 1812 Caligat,
542 1736 653 1794 nubem
666 1733 808 1812 eripiam3
829 1745 861 1794 tu
875 1754 913 1794 ne
929 1754 987 1810 qua
1001 1735 1131 1811 parentis

397 1830 489 1905 Jnssa
502 1827 582 1902 time,
598 1847 657 1887 neu
671 1828 836 1905 praeceptis
850 1847 952 1904 parere
967 1847 1119 1887 recusa-

399 1920 473 1996 Hic,
488 1920 540 1981 ubi
555 1920 694 1998 disjectas
710 1921 804 1980 moles
819 1922 980 1997 avulsaque
995 1920 1072 1980 saxis

401 2016 481 2075 Saxa
494 2013 578 2074 vides
592 2013 744 2090 mixtoque
759 2014 923 2073 undantem
937 2016 1057 2090 pulvere
1072 2015 1194 2090 fumum,

400 2109 560 2185 Neptunus
574 2126 673 2166 muros
687 2125 856 2184 magnoque
871 2118 970 2167 emota
985 2107 1104 2167 tridenti
1340 2126 1378 2167 σω

401 2200 609 2261 Fundamenta
622 2198 717 2276 quatit
731 2210 882 2275 totamque
897 2220 916 2259 a
930 2201 1049 2260 sedibus
1064 2203 1168 2261 urbem

401 2292 493 2353 Eruit
538 2293 599 2352 Hic
614 2294 694 2369 Juno
708 2294 815 2353 Scaeas
830 2292 1000 2352 saevissima
1014 2304 1114 2370 portas

401 2386 503 2446 Prima
517 2396 607 2459 tenet,
623 2384 797 2463 sociumque
812 2387 913 2446 furens
928 2406 946 2446 a
959 2385 1085 2447 navibus
1099 2405 1206 2465 agmen

401 2481 493 2539 Ferro
507 2477 641 2539 accincta
655 2489 749 2538 vocat.

398 2575 468 2650 Jam
483 2592 612 2633 summas
627 2591 709 2633 arces
723 2571 867 2645 Tritonia,
883 2572 1006 2650 respice,
1024 2575 1121 2634 Pallas

399 2666 525 2739 Insedit,
541 2665 643 2725 nimbo
658 2666 800 2742 effulgens
815 2676 844 2726 et
859 2667 1000 2743 Gorgone
1016 2687 1111 2728 saeva

399 2760 472 2836 Ipse
488 2762 576 2819 Pater
590 2758 702 2818 Danais
716 2759 831 2819 animos
844 2758 981 2837 viresque
997 2760 1144 2821 secundas

398 2851 521 2925 Sufficit,
537 2850 601 2929 ipse
616 2852 689 2911 deos
704 2851 733 2910 in
749 2853 893 2911 Dardana
907 2853 1029 2913 suscitat
1043 2872 1130 2914 arma

398 2944 498 3022 Eripe,
514 2955 592 3019 nate,
607 2946 715 3022 fugam,
731 2946 880 3022 finemque
896 2946 1017 3023 impone
1032 2946 1133 3006 labori.

398 3040 557 3115 Nusquam
571 3039 670 3111 abero,
686 3049 716 3098 et
730 3048 826 3098 tutum
840 3039 937 3116 patrio
952 3050 982 3099 te
996 3038 1098 3098 limine
1113 3037 1223 3099 sistam.
1338 3056 1377 3096 σω

397 3131 534 3205 Dixerat,
550 3140 581 3191 et
594 3130 699 3207 spissis
713 3131 810 3191 noctis
825 3152 857 3192 se
872 3132 1007 3193 condidit
1021 3131 1140 3191 umbris.

397 3227 557 3302 Apparent
570 3223 651 3284 dirae
666 3224 756 3284 facies
771 3224 949 3301 inimicaque
964 3227 1073 3302 Trojae

397 3316 534 3378 Numina
548 3336 656 3394 magna
670 3318 768 3377 deum.

440 3412 519 3470 Tum
533 3430 604 3471 vero
618 3430 708 3471 omne
722 3410 795 3469 mihi
809 3409 905 3470 visum
919 3411 1074 3471 considere
1088 3411 1119 3470 in
1133 3409 1216 3487 ignes

397 3502 489 3563 Ilium
504 3512 535 3563 et
548 3522 586 3563 ex
599 3502 660 3562 imo
674 3503 748 3564 verti
763 3502 916 3580 Neptunia
929 3504 1021 3579 Troja
1031 3527 1040 3579 3

397 3599 448 3656 Ac
462 3594 553 3655 veluti
568 3596 690 3656 summis
705 3595 856 3673 antiquam
871 3595 901 3654 in
917 3596 1068 3657 montibus
1083 3615 1189 3656 ornum

396 3689 502 3764 Quum
516 3689 592 3749 serro
606 3688 734 3749 accisam
749 3688 919 3764 crebrisque
933 3688 1111 3766 bipennibus
1126 3689 1237 3749 instant

398 3783 511 3841 Emere
525 3781 671 3859 agricolae
686 3781 839 3856 certatim;
860 3781 911 3840 illa
925 3801 1018 3858 usque
1031 3782 1160 3841 minatur

398 3875 440 3933 Et
455 3876 629 3935 tremefacta
642 3894 759 3934 comam
774 3893 922 3934 concusso
936 3874 1044 3935 vertice
1059 3885 1152 3948 nutat,

398 3967 582 4029 Vulneribus
597 3968 696 4028 donec
710 3966 852 4044 paulatim
867 3966 962 4027 evicta
976 3987 1145 4045 supremum
