3550 4859
452 552 489 612 26
786 563 812 608 r.
833 562 935 607 ovrnu
956 562 1091 606 nasonis

450 714 481 771 Ν
483 731 522 771 ox
535 710 587 772 ubi
600 720 757 772 consumta
770 711 988 770 est—Aurora
1000 709 1155 768 rubescere
1169 706 1298 784 primurn
1388 726 1427 766 σω

451 806 789 882 Coeperat-exsurgo,
806 802 968 878 laticesque
982 801 1088 861 inferre
1103 811 1238 861 recenter

450 898 621 970 Admoneo‚
637 906 830 971 monstroque
844 894 924 954 viam
938 913 1015 971 quae
1029 894 1120 955 ducat
1132 894 1172 953 ad
1185 894 1289 955 undas.

450 993 530 1068 Ipse,
546 989 618 1068 quid
632 1009 703 1049 aura
715 988 788 1047 mihi
802 989 918 1048 tumulo
930 987 1083 1064 promittat
1097 987 1136 1047 ab
1150 988 1211 1047 alto

450 1082 613 1160 Prospiciq
629 1081 813 1157 comitesque
827 1099 904 1141 voco
918 1092 1082 1172 repetoque
1096 1081 1235 1142 carinam.

449 1178 601 1236 Adsumus
615 1179 671 1235 en!
692 1174 789 1251 inquit
802 1172 951 1234 sociorum
965 1174 1078 1251 primus
1093 1174 1246 1251 Opheltes,
1388 1193 1427 1243 σος

450 1271 554 1346 thue
567 1278 660 1346 putat,
675 1268 817 1345 praedam
831 1268 949 1327 deserto
964 1279 1069 1329 nactus
1083 1268 1114 1327 in
1128 1287 1209 1347 agro,

448 1361 591 1439 Virginea
604 1379 728 1439 puerum
742 1360 824 1420 ducit
837 1380 891 1438 per
904 1361 991 1422 litora
1004 1364 1106 1423 forma

450 1457 515 1529 Ille,
530 1474 613 1515 mero
627 1473 791 1530 somnoque
805 1454 910 1532 gravis
926 1449 1054 1516 titubare
1066 1455 1190 1530 videtur,
1344 1503 1347 1508 .

448 1548 567 1625 Vixque
581 1546 673 1623 sequi.
715 1548 826 1624 Specto
839 1549 952 1608 cultum
966 1549 1133 1626 faciemque
1147 1549 1351 1628 gradumque:

449 1643 502 1702 Nil
516 1640 566 1715 ibi,
581 1641 664 1718 quod
678 1640 758 1701 credi
773 1652 875 1718 posset
888 1644 1022 1717 mortale,
1037 1642 1197 1720 videbam3
1387 1659 1428 1700 sm

450 1738 490 1796 Et
503 1734 590 1808 sensi,
606 1744 637 1794 et
650 1733 711 1793 dixi
726 1734 834 1795 sociis:
855 1737 947 1812 Quod
961 1755 1072 1797 numen
1086 1736 1118 1795 in
1132 1735 1190 1797 isto

450 1831 583 1906 Corpore
598 1826 643 1901 sit,
658 1826 783 1904 dubit03
803 1830 858 1889 sed
872 1848 996 1907 corpore
1009 1849 1121 1890 numen
1134 1827 1166 1888 in
1180 1828 1239 1889 isto
1251 1838 1305 1889 est.

449 1920 593 1998 Quisquis
609 1940 649 1995 es,
665 1940 684 1980 o
698 1922 798 1982 faveas
811 1922 980 1999 nostrisque
993 1922 1144 1983 laboribus
1158 1921 1259 1996 adsis;

450 2015 509 2075 His
524 2034 644 2091 quoque
659 2015 713 2075 des
726 2013 844 2076 veniam
855 2018 980 2075 l—Pro
994 2015 1082 2075 nobis
1096 2015 1180 2076 mitte
1194 2014 1327 2092 precarii

450 2110 556 2187 Dictys
570 2107 619 2183 ait,
636 2127 697 2185 quo
711 2127 774 2169 non
788 2108 864 2169 alius
878 2109 1081 2169 conscendere
1095 2127 1226 2168 summas
1388 2123 1428 2174 σε,

449 2202 542 2265 Ocior
555 2212 710 2276 antennas,
725 2221 895 2279 prensoque
908 2202 1033 2262 rudente
1046 2200 1147 2262 relabi.
1254 2266 1257 2272 ,

449 2298 522 2356 Hoc
536 2295 636 2373 Libys,
652 2296 711 2355 hoc
725 2295 828 2370 flavus,
843 2314 948 2373 prorae
965 2296 1066 2369 tutela,
1083 2294 1264 2368 Melanthus

449 2391 523 2450 Hoc
535 2390 643 2466 probat
656 2387 835 2449 Alcimedon
850 2398 888 2462 et,
905 2387 956 2464 qui
969 2388 1359 2467 requiemque-modumque

447 2483 533 2543 Voce
548 2483 639 2542 dabat
652 2482 750 2557 remis,
765 2482 931 2541 animorum
945 2482 1078 2541 hortator
1092 2484 1241 2558 Epopeus,

450 2578 522 2636 Hoc
536 2564 642 2635 omnes
656 2574 714 2634 alii
758 2576 891 2635 Praedae
906 2585 967 2635 tam
982 2593 1072 2634 caeca
1088 2574 1199 2652 cupido
1212 2584 1268 2634 est.
1387 2591 1428 2632 σω

449 2670 521 2728 Non
536 2678 636 2728 tamen
650 2669 729 2728 hanc
743 2686 828 2727 sacro
841 2667 945 2728 violari
959 2670 1092 2744 pondere
1106 2667 1211 2744 pinum

449 2760 609 2838 Perpetiar,
625 2760 705 2821 dixi:
724 2779 793 2838 pars
807 2760 856 2820 hic
870 2759 943 2819 mihi
957 2760 1087 2820 maxima
1097 2760 1177 2837 juris.

450 2856 547 2931 Inque
562 2853 644 2914 aditu
659 2853 781 2914 obsisto.
825 2853 908 2914 Furit
921 2853 1134 2914 audacissimus
1148 2853 1232 2914 omni

450 2947 498 3006 De
512 2965 637 3007 numero
651 2947 795 3025 Lycabas,
812 2946 863 3024 qui
877 2950 978 3007 Tusca
990 2948 1093 3024 pulsus
1107 2948 1146 3007 ab
1159 2948 1233 3008 urbe

449 3039 593 3099 Exsilium
608 3038 672 3099 dira
684 3057 814 3117 poenam
828 3058 883 3116 pro
897 3040 990 3100 caede
1004 3041 1113 3100 luebat.
1388 3057 1430 3107 εις

450 3134 483 3192 Is
496 3131 578 3206 mihi,
594 3132 667 3192 dum
680 3141 769 3206 resto,
782 3132 907 3208 juvenili
921 3143 1039 3209 guttura
1052 3152 1153 3211 pugno
1230 3138 1236 3152 ‘

450 3224 564 3302 Rupit3
583 3234 614 3285 'et
628 3243 784 3286 excussum
798 3225 927 3285 misisset
940 3225 971 3284 in
986 3244 1123 3302 aequora,
1139 3226 1163 3286 si
1178 3245 1241 3288 non

450 3317 634 3392 Haesissem,
649 3317 785 3395 quamvis
799 3337 911 3393 amens,
926 3318 958 3377 in
973 3320 1043 3380 fune
1056 3329 1197 3379 retentus.

450 3410 550 3488 Impia
563 3412 649 3471 turba
662 3412 771 3488 probat
783 3412 903 3471 factum.
946 3414 1024 3471 Turn
1039 3412 1170 3489 denique
1185 3412 1368 3473 Bacchus-

450 3503 585 3564 Bacchus
599 3503 678 3564 enim
693 3504 936 3564 dierat—veluti
949 3506 1080 3566 clamore
1094 3506 1208 3566 solutus
1389 3522 1429 3573 ⁶³0

449 3596 494 3658 Sit
508 3616 598 3673 sopor
610 3614 688 3674 aque
702 3615 785 3657 mero
798 3598 923 3658 redeant
936 3597 967 3656 in
982 3609 1105 3675 pectora
1119 3617 1232 3672 sensus,

450 3689 533 3766 Quid
545 3689 663 3751 facitis?
703 3689 779 3765 Quis
792 3691 925 3751 clamor?
946 3690 995 3764 air,
1011 3692 1088 3766 Qua,
1103 3691 1202 3765 dicite,
1218 3702 1335 3766 nonme,

450 3785 522 3843 Huc
536 3802 594 3861 ope
608 3782 751 3861 perveni?
790 3785 861 3859 Quo
875 3802 924 3844 me
938 3785 1051 3844 deferre
1065 3784 1174 3861 paratis
1183 3787 1244 3845 ἓ-
1351 3828 1355 3834 -

451 3879 535 3937 Pone
548 3886 670 3951 metum,
686 3878 820 3951 Proreus,
836 3888 866 3937 et
879 3894 954 3954 quos
968 3875 1141 3954 contingere
1155 3888 1257 3956 portus
1370 3913 1373 3918 ·

452 3970 517 4032 Fde
531 3970 612 4045 velis,
628 3969 722 4032 dixit:
741 3970 935 4032 terrasistere
948 3969 1049 4049 petita
1389 3987 1429 4038 ιη
