3550 4859
736 553 898 602 Mimos
914 553 978 599 'HE
1001 553 1035 598 11.

400 700 640 779 Praecipitesque
654 699 745 762 trahit
758 699 856 773 siluas,
871 706 973 776 stupet
986 697 1098 758 inscius
1110 697 1173 759 alto
1252 709 1255 715 '

398 795 562 872 Accipiens
576 792 707 855 sonitum
722 792 786 853 saxi
799 792 837 852 de
852 792 962 853 vertice
975 802 1086 868 pastor.
1121 856 1123 861 ,
1142 804 1144 807 ·

399 889 479 949 Tum
493 905 564 946 vero
579 885 737 945 manifesta
750 885 835 959 fides,
852 887 1051 960 Danaumque
1064 891 1223 961 patescunt

400 978 541 1040 Insidiae.
584 981 652 1055 Jam
668 978 820 1054 Deiphobi
835 978 919 1037 dedit
932 979 1031 1054 ampla
1044 977 1159 1036 ruinam
1342 988 1381 1040 sio

399 1071 537 1130 Vulcano
552 1078 712 1145 superante
725 1068 842 1140 domus,
855 1069 918 1147 jam
932 1068 1084 1145 proximus
1097 1067 1183 1127 ardet

399 1163 579 1245 Ucalegony
600 1161 688 1240 Sigea
701 1162 763 1240 igni
776 1161 852 1221 freta
865 1161 926 1221 lata
939 1161 1081 1221 relucent.

400 1255 539 1316 Exoritur
552 1256 724 1331 clamorque
737 1255 832 1314 virum
845 1254 1027 1333 clangorque
1040 1254 1184 1314 tubarmn.

353 1351 354 1354 ’
400 1351 495 1411 Arma
509 1368 612 1408 amens
627 1348 734 1426 capi03
755 1368 811 1408 nec
825 1359 872 1409 sat
884 1348 1007 1408 rationis
1021 1348 1053 1406 in
1067 1347 1173 1420 armis,

402 1441 464 1503 Sed
476 1442 640 1520 glomerare
655 1460 778 1501 manum
790 1441 871 1500 bello
885 1450 916 1500 et
930 1459 1105 1500 concurrere
1119 1441 1150 1498 in
1164 1458 1264 1499 arcem
1342 1443 1381 1506 ni

402 1537 479 1596 Cum
495 1535 585 1596 sociis
597 1535 705 1595 ardent
718 1533 829 1608 animi,
849 1534 930 1593 furor
943 1534 1045 1610 iraque
1059 1543 1192 1594 mentem

402 1627 611 1705 Praecipitant,
625 1628 842 1704 pulchrumque
856 1627 931 1687 mori
945 1627 1088 1703 succurrit
1101 1627 1133 1686 in
1147 1627 1245 1686 armis.

443 1723 522 1781 Ecce
536 1730 635 1779 autem
650 1720 718 1780 telis
732 1721 866 1780 Panthus
881 1720 1001 1797 elapsus
1016 1721 1173 1793 Achivum,

308 1874 311 1881 ,
402 1814 541 1877 Panthus„
549 1813 729 1892 Othryades,
743 1812 821 1874 arcis
836 1812 1010 1889 Phoebique
1024 1814 1174 1886 sacerdos,

403 1907 494 1966 Sacra
507 1925 598 1965 manu
611 1907 767 1982 victosque
782 1907 856 1966 deos
870 1924 1054 1983 parvumque
1068 1917 1211 1983 nepotem
1344 1931 1382 1970 sn

403 1999 476 2077 Ipse
489 1997 585 2073 trahit,
601 2018 748 2075 cursuque
763 2017 866 2059 amens
880 2000 920 2059 ad
934 1999 1037 2058 limina
1050 2000 1155 2058 tendit.

369 2115 372 2120 ¹
403 2092 474 2166 Quo
488 2110 535 2151 res
549 2110 664 2151 summa
677 2092 754 2165 loco,
771 2093 908 2152 Panthu?
929 2111 1019 2168 quam
1032 2092 1207 2168 prendimus
1222 2092 1341 2152 arcem?

402 2184 464 2243 Vix
476 2202 514 2245 ea
525 2184 604 2245 latus
615 2182 709 2258 eram,
723 2183 836 2262 gemitu
849 2204 942 2261 quum
956 2185 1026 2244 talia
1038 2185 1136 2245 reddit
1149 2207 1156 2244 :

402 2277 497 2337 Venit
512 2296 628 2337 summa
641 2276 706 2338 dies
718 2287 750 2337 et
763 2277 954 2337 ineluctabile
968 2287 1086 2354 tempus

404 2370 583 2429 Dardaniae.
627 2370 748 2431 Fuimus
762 2372 867 2444 Troes,
882 2370 938 2430 fuit
952 2370 1041 2431 Ilium
1056 2380 1086 2430 et
1099 2370 1205 2449 ingens
1345 2396 1383 2438 m

331 2525 334 2529 ,
404 2463 509 2524 Gloria
522 2465 726 2538 Teucrorum,
745 2463 824 2524 ferus
838 2464 939 2548 omnia
951 2464 1090 2541 Juppiter
1104 2466 1203 2542 Argos

405 2556 589 2616 Transtulit:
608 2556 732 2617 incensa
747 2555 845 2616 Danai
859 2557 1050 2617 dominantur
1064 2557 1095 2615 in
1108 2557 1189 2616 mbe

404 2651 526 2709 Arduus
540 2659 670 2709 armatos
684 2648 790 2709 mediis
804 2649 835 2708 in
850 2650 1007 2709 moenibus
1021 2650 1145 2708 adstans

405 2742 519 2803 Fundit
533 2761 635 2819 equus,
650 2741 911 2818 victorqueSinon
922 2740 1062 2801 incendia
1075 2741 1182 2801 miscet
1246 2803 1249 2810 ,

407 2836 570 2895 Insultans.
613 2834 712 2895 Portis
726 2835 777 2893 alii
791 2834 994 2910 bipatentibus
1008 2834 1126 2907 adsunt,
1347 2852 1387 2896 av

407 2929 495 2990 Milia
509 2937 582 3004 quot
595 2927 710 3006 magnis
724 2946 865 3003 umquam
879 2946 988 2989 venere
1003 2927 1161 3006 Mycenis3

408 3022 565 3083 Obsedere
579 3020 629 3080 alii
643 3020 710 3081 telis
723 3029 850 3098 angusta
862 3021 977 3081 viarum

408 3113 549 3192 Oppositi
560 3135 569 3188 3
589 3123 648 3174 stat
661 3113 730 3175 ferri
743 3112 824 3175 acies
839 3132 982 3174 mucrone
995 3131 1120 3175 corusco

409 3208 527 3280 Stricta,
542 3215 644 3284 parata
657 3206 725 3265 neci
737 3228 746 3281 3
766 3207 816 3267 vix
829 3207 917 3283 primi
931 3205 1044 3283 proelia
1057 3214 1174 3265 tentant

410 3304 565 3361 Portarum
580 3299 692 3378 vigiles,
707 3309 738 3360 et
752 3318 843 3359 caeco
858 3301 956 3359 Marte
970 3298 1119 3359 resistunt.

409 3395 534 3454 Talibus
550 3393 720 3471 Othryadae
733 3391 823 3452 dictis
837 3402 868 3451 et
881 3391 1003 3450 numine
1017 3390 1119 3451 divum

410 3490 449 3547 In
463 3487 596 3546 flammas
612 3496 642 3546 et
655 3487 687 3546 in
700 3505 782 3545 arma
794 3485 882 3557 feror,
899 3504 959 3561 quo
973 3485 1065 3545 tristis
1081 3484 1216 3562 Erinnys,

411 3581 481 3655 Quo
496 3580 629 3640 fremitus
643 3588 732 3639 vocat
746 3587 776 3638 et
790 3577 926 3638 sublatus
939 3577 978 3636 ad
992 3578 1115 3639 aethera
1126 3578 1248 3638 clamor.

409 3673 537 3733 Addunt
552 3691 585 3733 se
599 3671 698 3733 socios
712 3670 851 3747 Rhipeus
865 3679 896 3731 et
908 3669 1054 3731 maximus
1068 3669 1157 3731 armis

413 3767 538 3846 Epytus,
554 3763 648 3827 oblati
661 3779 715 3840 per
727 3764 838 3837 lunam,
855 3763 1054 3841 Hypanisque
1069 3765 1251 3841 Dymasque,
1352 3788 1391 3829 w

413 3861 452 3918 Et
466 3857 550 3918 lateri
564 3857 768 3935 agglomerant
781 3865 893 3929 nostro,
906 3856 1084 3932 juvenisque
1099 3857 1263 3931 Coroebus,

413 3950 624 4031 Mygdonides.
669 3948 734 4009 Illis
748 3947 787 4009 ad
801 3949 924 4024 Trojam
938 3948 1013 4008 sorte
1027 3947 1133 4009 diebus
