3550 4859
483 557 523 636 38
818 570 845 616 r.
865 570 968 617 ovinis
988 570 1124 615 nasonis

484 714 541 777 Cui
556 713 678 793 triplicis
691 714 781 778 cessit
793 715 913 780 fortuna
926 714 1088 777 novissima
1100 713 1192 793 regni

483 811 532 868 Tu
546 827 668 885 superos
681 808 839 886 ipsumque
851 811 972 888 Jovem,
983 817 1016 869 tu
1029 808 1153 869 numina
1165 807 1253 887 ponti

483 901 573 962 Victa
586 902 692 962 domas
704 901 869 980 ipsumque,
884 901 960 979 regit
973 900 1024 979 qui
1038 900 1161 961 numina
1173 899 1267 978 ponti.

483 997 607 1055 Tartara
620 992 692 1071 quid
706 998 843 1055 cessant?
883 996 945 1056 Cur
958 1013 1020 1054 non
1034 994 1196 1071 matrisque
1208 1004 1352 1071 tuumque

484 1086 647 1165 Imperium
661 1087 793 1164 profers?
833 1088 940 1165 Agitur
952 1107 1020 1166 pars
1034 1087 1120 1148 tertia
1134 1086 1246 1148 mnndi.

484 1182 524 1241 Et
538 1190 638 1240 tamen
652 1179 683 1239 in
697 1181 791 1255 coelo,
804 1199 881 1258 quae
893 1182 956 1258 jain
970 1179 1114 1257 patientia
1126 1190 1227 1240 nostra
1241 1189 1295 1255 est,

484 1273 662 1351 spernimur,
678 1292 713 1333 ac
727 1292 845 1334 mecum
860 1273 938 1340 vires
951 1272 1123 1337 minuuntur
1136 1272 1262 1333 Amoris.

485 1367 609 1428 Pallada
623 1385 724 1427 nonne
737 1366 822 1427 vides
834 1366 1096 1444 iaculatricemque
1111 1365 1241 1425 Dianam

485 1459 675 1521 Abscessisse
689 1458 783 1521 mihi?
823 1460 940 1521 Cereris
954 1478 1074 1538 quoque
1088 1458 1149 1519 filia
1162 1458 1253 1536 virgo,

485 1554 516 1616 Si
530 1552 683 1631 patiemur,
699 1553 772 1613 erit:
793 1572 863 1614 nam
877 1571 947 1631 spes
961 1555 1080 1614 affectat
1093 1553 1223 1613 easdem.

485 1650 527 1708 At
542 1657 582 1721 tu,
598 1666 652 1723 pro
666 1646 750 1707 socio
763 1645 788 1706 si
802 1657 918 1724 qua-est
931 1645 985 1707 tibi
999 1647 1093 1723 gratia
1105 1664 1208 1725 regno,

484 1743 582 1817 Junge
596 1739 684 1799 deam
697 1750 810 1818 patruo.
853 1739 938 1815 Dixit
951 1741 1073 1814 Venus,
1094 1737 1143 1799 ille
1157 1738 1324 1816 pharetram

487 1833 591 1908 Solvit,
605 1842 637 1894 et
650 1831 770 1894 arbitrio
783 1832 885 1893 matris
898 1833 938 1893 de
952 1832 1032 1894 mille
1047 1830 1161 1909 sagittis

485 1929 588 1988 Unam
602 1925 743 2003 seposuit,
759 1926 813 1986 sed
827 1945 887 2003 qua
900 1944 957 1986 nec
972 1924 1086 1986 acutior
1098 1926 1160 1986 ulla

486 2022 553 2080 Nec
567 2018 664 2078 minus
679 2016 791 2080 incerta
804 2029 858 2093 est,
873 2037 930 2081 nec
944 2038 1021 2096 quae
1034 2018 1129 2096 magu
1143 2016 1245 2079 audiat
1260 2035 1383 2093 arcum;

486 2111 697 2190 Oppositoque
711 2130 790 2190 genu
804 2112 936 2173 cmvavit
949 2111 1048 2172 flexile
1062 2130 1196 2185 comum,

486 2208 584 2282 Inque
598 2224 650 2265 cor
663 2204 783 2265 hamata
796 2204 942 2283 percussit
956 2204 1100 2266 arundine
1114 2203 1225 2265 Ditem

527 2298 621 2359 Haud
635 2299 739 2376 procul
753 2297 909 2360 Hennaeis
923 2298 1006 2360 lacus
1019 2310 1067 2360 est
1080 2318 1099 2359 a
1111 2296 1269 2359 moenibus
1283 2298 1370 2372 altae,

486 2391 618 2454 Nomine
634 2393 752 2470 Pergus,
767 2409 883 2469 aquae3
902 2411 964 2452 non
979 2391 1032 2452 illo
1044 2384 1131 2469 plura
1144 2393 1286 2469 Caystros

486 2484 628 2547 Carmina
642 2503 803 2564 cygnorum
817 2485 986 2546 labentibus
1000 2484 1083 2546 audit
1096 2484 1127 2544 in
1141 2484 1249 2561 undis3

487 2579 567 2641 Silva
579 2588 704 2640 coronat
717 2598 819 2655 aquas,
833 2577 957 2657 cingens
972 2580 1049 2639 latus
1063 2597 1161 2652 omne,
1177 2577 1297 2655 suisque

487 2670 665 2745 Frondibus,
679 2681 713 2732 ut
725 2673 804 2747 velo,
816 2672 975 2747 Phqebeos
988 2671 1147 2733 submovet
1160 2669 1264 2749 ignes3

487 2764 610 2842 Frigora
623 2765 696 2824 dant
709 2764 791 2839 rami,
806 2764 904 2826 varios
918 2765 1025 2826 humus
1039 2763 1162 2825 humida
1174 2765 1283 2839 flores;

487 2860 668 2935 Perpetuum
680 2877 733 2919 ver
745 2868 797 2919 est
841 2859 912 2934 Quo
927 2858 999 2919 dum
1014 2856 1192 2935 Proserpina
1205 2859 1274 2919 luco

487 2950 580 3012 Ludit
593 2960 624 3011 et
637 2962 688 3011 aut
701 2950 795 3012 violes
808 2961 859 3011 aut
872 2951 1003 3012 candida
1015 2950 1077 3012 lilia
1089 2950 1194 3029 carpit,

383 3123 393 3134 .,
488 3046 629 3119 Dumque
643 3042 766 3121 puellari
780 3043 879 3106 studio
893 3044 1086 3121 calathosque
1101 3043 1259 3121 sinumque

488 3136 608 3214 Implet,
623 3146 654 3197 et
667 3138 807 3214 aequales
820 3147 915 3198 certat
927 3156 1065 3215 superare
1079 3137 1217 3214 legendo,

488 3231 588 3289 Paene
603 3228 690 3290 simul
702 3228 766 3290 visa
779 3240 824 3292 est
838 3230 1008 3308 dilectaque
1021 3239 1166 3307 raptaque
1181 3228 1264 3291 Diti:

488 3324 594 3400 Usque
608 3323 686 3382 adeo
699 3333 872 3401 properatur
885 3342 977 3384 amor.
1020 3325 1089 3386 Dea
1101 3322 1202 3384 territa
1215 3332 1331 3384 maesto

488 3415 528 3475 Et
542 3425 665 3475 matrem
680 3426 710 3475 et
723 3416 857 3491 comites,
872 3416 927 3478 sed
940 3426 1064 3478 matrem
1079 3416 1206 3499 saepius,
1222 3436 1275 3478 ore

488 3507 616 3582 Clamat,
632 3518 670 3583 et,
685 3518 719 3569 ut
732 3527 848 3570 mmma
861 3520 975 3571 vestem
989 3509 1113 3572 laniarat
1127 3513 1167 3572 ab
1181 3517 1242 3585 ora,

489 3600 616 3661 Collecti
630 3600 720 3662 flores
733 3600 841 3663 tunicis
854 3602 991 3664 cecidere
1004 3601 1134 3664 remissis
1145 3625 1156 3679 ς

488 3696 646 3772 Tantaque
660 3693 833 3773 simplicitas
846 3695 1007 3773 puerilibus
1021 3695 1104 3757 affuit
1118 3694 1212 3771 annis,

489 3789 578 3848 Haec
591 3805 712 3865 quoque
725 3787 889 3867 virgineum
904 3788 997 3850 movit
1008 3790 1124 3866 jactura
1137 3778 1281 3850 dilorem

489 3882 606 3958 Raptor
619 3880 679 3958 agit
692 3899 793 3944 currus
805 3891 836 3943 et
850 3882 973 3944 nomine
986 3901 1136 3959 quemque
1149 3892 1275 3945 rocetos

490 3974 668 4036 Exhortatur
682 3993 784 4053 equos,
799 3993 926 4054 quornm
940 3993 994 4054 per
1005 3975 1086 4038 colla
1096 3976 1245 4055 jubasque
