3550 4859
399 547 458 607 180
598 587 599 590 ,
713 559 739 603 r.
761 557 895 605 VIRorLu
916 556 1059 602 unnoms

439 702 896 773 olli-sensitenimgsimulata
909 715 1009 766 mente
1023 705 1193 780 locutam·
1342 728 1380 772 ως

398 803 469 878 Quo
483 818 606 878 regnum
620 797 726 861 Italiae
740 798 870 876 Libycas
883 809 1029 859 averteret
1042 817 1110 858 oras
1118 832 1160 842 -

398 894 447 956 Sic
460 904 565 954 contra
578 903 624 953 est
638 891 769 970 ingressa
782 893 906 952 Venus:
926 891 1003 967 Quis
1016 892 1088 952 talia
1101 888 1228 955 demus

397 989 529 1060 Abnuat,
545 996 596 1046 aut
610 996 710 1046 tecum
720 984 807 1047 malit
821 985 1004 1047 contendere
1017 986 1108 1060 bello,

398 1078 429 1141 Si
443 1080 544 1153 modo,
561 1079 643 1156 quod
658 1075 943 1152 memoransactirm
957 1079 1076 1139 fortuna
1088 1081 1248 1157 sequatur?

398 1173 458 1235 Sed
472 1172 539 1233 satis
554 1171 667 1233 incerta
680 1173 765 1245 feror,
780 1170 806 1231 si
819 1170 958 1250 Juppiter
969 1190 1061 1232 unam
1114 1194 1117 1198 ·

400 1268 474 1326 Esse
488 1265 559 1326 velit
573 1264 670 1344 Tyriis
682 1265 788 1326 urbem
802 1266 955 1342 'I‘roy'aque
969 1265 1119 1343 profectis,

400 1358 559 1420 Miscerive
573 1359 679 1436 probet
693 1358 830 1436 populos,
845 1367 898 1418 aut
910 1358 1032 1420 foedera
1042 1357 1135 1436 jungi.

300 1473 302 1477 ·
399 1455 448 1512 Tu
462 1454 592 1530 conjux;
613 1451 666 1511 tibi
680 1452 725 1511 sas
739 1451 872 1511 anianum
885 1461 1001 1512 tentare
1014 1451 1173 1529 precando.

400 1548 494 1624 Perge
505 1567 514 1619 ;
534 1564 647 1622 sequar.
691 1546 770 1604 Tum
784 1543 827 1604 sic
840 1544 959 1623 excepit
971 1544 1053 1624 regin
1065 1548 1164 1623 Juno:

401 1640 525 1699 Mecum
539 1638 593 1699 erit
607 1637 663 1699 iste
677 1638 769 1698 labor.
812 1639 902 1699 Nunc
915 1657 977 1715 qua
989 1638 1113 1713 ratione,
1125 1639 1208 1717 qnod
1220 1637 1322 1712 metet,
1345 1668 1382 1706 ιι,

401 1731 533 1794 Confieri
548 1730 650 1809 possit,
664 1730 777 1808 paucis,
793 1730 923 1805 adverte,
938 1730 1064 1792 docebo

400 1827 552 1887 Venatum
569 1826 686 1884 Aeneas
700 1843 819 1901 unaque
833 1823 998 1885 miserrima
1011 1824 1094 1886 Dido

402 1922 440 1980 In
455 1937 560 1979 nemus
574 1917 616 1978 ire
630 1927 744 1995 parant,
757 1916 810 1977 ubi
823 1916 937 1995 primos
952 1916 1095 1978 crastinus
1106 1928 1191 1978 ortis

402 2011 549 2073 Extulerit
562 2011 652 2072 Titan
666 2009 815 2088 radiisque
829 2009 966 2071 retexerit
980 2012 1091 2071 orbem

404 2105 463 2165 His
478 2124 534 2182 ego
548 2104 713 2182 nigrantem
727 2103 889 2165 commixta
901 2103 1046 2182 grandine
1059 2102 1204 2178 nimbum,

404 2199 485 2256 Dum
501 2197 649 2274 trepidant
662 2198 735 2271 alae,
751 2197 903 2274 saltusque
917 2197 1063 2274 indagine·
1072 2196 1205 2278 cingunt,

404 2291 542 2367 Desuper
556 2289 719 2364 infundam,
734 2300 765 2352 et
779 2289 889 2350 tonitru
903 2291 1021 2350 coelum
1035 2306 1125 2351 omne
1138 2291 1235 2352 ciebo.

404 2382 569 2460 Diffugient
582 2381 706 2443 comites
720 2393 751 2442 et
764 2391 854 2442 nocte
868 2391 1006 2459 tegentur
1018 2401 1132 2460 opaca:

405 2477 585 2554 Speluncam
600 2474 683 2537 Dido
697 2475 758 2536 dux
771 2485 802 2536 et
815 2477 964 2552 ‘trojanus
978 2476 1106 2536 eandem

404 2568 580 2630 Devenient
624 2569 735 2643 Adero,
750 2580 788 2642 et,
804 2578 855 2628 tua
867 2567 894 2628 si
907 2567 981 2628 mihi
993 2579 1075 2629 certa
1087 2569 1233 2645 voluntas,
1268 2577 1270 2580 ’
1345 2598 1372 2626 u

403 2661 567 2724 Connubio
578 2664 701 2742 jungam
716 2660 814 2723 stabili
825 2660 1037 2743 propriamque
1051 2662 1170 2724 dicabo.

326 2773 328 2778 ’
405 2755 467 2815 Hic
478 2758 675 2834 Hymenaeus
681 2755 871 2816 erit-Non
885 2756 1041 2816 adversata
1053 2755 1168 2834 petenti

404 2847 528 2922 Adnuit,
544 2859 634 2925 atque
648 2848 725 2909 dolis
738 2847 802 2908 risit
811 2847 965 2926 Cytherea
976 2847 1108 2926 repertis

445 2942 602 3001 Oceanum
617 2940 728 3001 interea
741 2959 865 3018 surgens
879 2943 995 3003 Aurora
1007 2939 1133 3020 reliquit.

405 3035 435 3093 It
447 3032 542 3110 portis
553 3034 656 3110 jubare
670 3043 774 3093 exorto
787 3033 907 3094 delecta
916 3036 1075 3110 iuventusy

405 3125 496 3186 Retia
508 3145 581 3199 rara,
597 3126 710 3202 plagae,
725 3126 787 3186 lato
799 3127 950 3187 venabula
960 3127 1048 3202 ferro,

406 3218 590 3297 Massylique
604 3228 693 3278 ruunt
706 3219 821 3296 equites
835 3230 866 3280 et
879 3220 975 3280 odora
987 3238 1096 3281 canum
1109 3218 1183 3285 viai

405 3311 554 3389 Reginam
568 3312 904 3373 thalamocunctantem
918 3313 958 3373 ad
971 3312 1075 3373 limina
1087 3312 1176 3392 primi

406 3406 576 3464 Poenorum
590 3416 771 3482 exspectant,
787 3416 928 3482 ostroque
941 3404 1064 3483 insignis
1078 3417 1109 3468 et
1122 3424 1195 3468 euro

405 3499 471 3558 Stat
484 3497 604 3575 sonipes
619 3517 654 3557 ac
668 3499 751 3558 frena
765 3499 848 3558 ferox
862 3499 1033 3576 spumantia
1043 3499 1168 3562 mandit

405 3591 543 3651 Tandem
557 3590 742 3668 progreditur
754 3610 863 3668 magna
873 3591 1007 3669 stipante
1020 3603 1147 3671 caterva,

408 3682 562 3744 Sidoniam
577 3682 659 3761 picto
673 3684 862 3762 chlamydem
876 3682 1060 3746 circumdata
1072 3684 1175 3747 limbo

407 3775 465 3838 Cui
479 3776 615 3853 pharetra
629 3796 665 3836 ex
679 3795 761 3851 auro,
776 3775 872 3837 crines
885 3777 1036 3839 nodantur
1049 3777 1081 3838 in
1095 3794 1207 3853 numm,

386 3869 390 3875 ’
405 3871 506 3929 Aurea
519 3888 696 3946 purpuream
710 3869 860 3931 subnectit
872 3871 966 3931 tibula
977 3882 1099 3932 vestem.
1168 3916 1171 3922 .
1197 3913 1202 3921 ·

407 3964 438 4022 N
439 3981 474 4022 ec
488 3981 549 4022 non
564 3973 594 4023 et
609 3961 867 4044 Phryfficomites
879 3974 911 4025 et
924 3964 1020 4033 laetus
1034 3963 1117 4033 Iulus
