3550 4859
715 566 885 617 4ΠΝΕΙΧἉ
906 572 965 617 m.
987 572 1029 617 vt.

401 722 479 780 Tum
495 718 619 779 Phoebo
632 726 664 778 et
676 716 796 778 Triviae
808 718 908 778 solido
922 718 961 779 de
975 736 1122 779 mannore
1136 717 1282 797 t'emphun

402 813 568 884 Instituam,
585 812 738 887 festosque
753 812 818 871 dies
832 811 871 871 de
885 812 1007 872 nomine
1022 812 1144 872 Phoebi
1356 840 1383 881 μ

401 907 446 965 Te
461 924 580 983 quoque
595 924 704 982 magna
717 914 840 964 manent
852 906 954 983 regnis
967 906 1134 982 penetralia
1148 907 1266 968 nostris.

402 998 464 1058 Hic
478 1017 535 1076 ego
549 1017 678 1073 namque
692 1008 760 1057 tuas
774 1010 870 1058 sortes
884 1018 1052 1075 arcanaque
1067 1000 1136 1073 fata,
1254 1003 1258 1011 '

401 1091 491 1151 Dicta
505 1110 589 1150 meae
603 1090 693 1168 genti,
709 1110 828 1168 ponam,
844 1093 999 1168 lectosque
1014 1092 1146 1165 sacrabo,

401 1185 499 1257 Alma,
514 1184 601 1243 viros.
645 1183 738 1243 Foliis
752 1193 869 1243 tantum
883 1204 923 1244 ne
936 1185 1068 1245 cannina
1081 1186 1201 1261 manda,

401 1279 450 1336 Ne
464 1278 580 1337 turbata
593 1278 695 1338 volent
709 1278 821 1355 rapidis
836 1279 964 1338 ludibria
977 1279 1095 1354 ventis;

401 1371 474 1446 Ipsa
487 1389 577 1429 canas
592 1389 651 1430 oro.
696 1372 801 1430 Finem
813 1362 899 1430 dedit
914 1390 964 1431 ore
980 1372 1131 1448 loquendi

440 1464 490 1536 At,
506 1462 621 1523 Phoebi
634 1464 768 1523 nondum
782 1463 909 1540 patiens,
926 1465 1064 1525 immanis
1078 1466 1108 1525 in
1122 1475 1209 1528 antro

401 1556 565 1615 Bacchatur
578 1567 670 1629 vates,
686 1575 827 1634 magnum
842 1558 866 1615 si
880 1568 1003 1633 pectore
1017 1558 1112 1635 possit

401 1648 576 1709 Excussisse
591 1650 679 1709 deum
692 1672 702 1724 3
721 1641 806 1709 tanto
819 1651 915 1728 magis
929 1650 978 1710 ille
993 1651 1097 1729 fatigat

401 1744 446 1803 Os
460 1743 604 1815 rabidum,
619 1742 682 1801 fera
694 1744 785 1802 corda
799 1744 935 1817 domans,
951 1744 1095 1821 fingitque
1108 1745 1282 1822 premendo

401 1836 487 1897 Ostia
499 1838 621 1911 jamque
636 1836 743 1895 domus
757 1847 879 1912 patuere
896 1837 1029 1915 ingentia
1042 1848 1162 1897 centum

403 1930 516 2005 Sponte
531 1948 593 2001 sua,
609 1929 744 2004 vatisque
758 1930 857 1988 ferunt
870 1949 1015 2007 responsa
1029 1950 1083 2008 per
1097 1951 1202 1992 auras:

400 2022 429 2081 Ο
444 2022 565 2081 tandem
581 2022 697 2099 magnis
711 2022 809 2098 pelagi
823 2023 964 2083 defuncte
979 2024 1115 2100 periclis!

401 2115 462 2174 Sed
476 2124 571 2174 terrae
585 2114 720 2193 graviora
734 2125 863 2174 manent.
908 2118 945 2175 In
960 2136 1052 2195 regna
1067 2117 1172 2177 Lavini
1281 2151 1285 2160 -

400 2206 592 2267 Dardanidae
606 2208 728 2267 venient
738 2228 747 2282 ;
759 2209 851 2267 mitte
865 2208 945 2269 hanc
958 2211 996 2269 de
1010 2222 1131 2287 pectore
1145 2230 1267 2288 curaru;

401 2299 461 2359 Sed
476 2319 537 2359 non
552 2309 583 2359 et
597 2299 714 2359 venisse
728 2300 838 2359 volent.
881 2303 973 2375 Bella,
990 2302 1109 2362 horrida
1123 2304 1210 2378 bella,

400 2392 441 2452 Et
455 2393 599 2471 Thybrim
614 2394 709 2452 multo
723 2405 911 2469 spumantem
925 2396 1069 2473 sanguine
1084 2415 1183 2457 cerno.

399 2486 471 2545 Non
486 2486 593 2547 Simois
608 2485 670 2558 tibi,
687 2504 743 2545 nec
758 2487 905 2559 Xanthus,
921 2506 976 2546 nec
991 2489 1103 2549 Dorica
1116 2502 1213 2551 castra

400 2579 576 2652 Defuerint3
596 2578 671 2637 alius
683 2578 769 2637 Latio
780 2579 842 2657 jam
857 2592 959 2655 partus
974 2582 1117 2655 Achilles,

400 2673 496 2731 Natus
511 2680 540 2730 et
554 2671 619 2747 ipse
633 2672 710 2743 dea,
729 2690 786 2730 nec
800 2672 925 2731 Teucris
939 2672 1041 2733 addita
1053 2677 1134 2752 Juno

399 2766 536 2840 Usquam
552 2764 665 2837 aberit3
686 2783 777 2839 quum
791 2774 824 2823 tu
837 2766 965 2842 supplex
978 2766 1009 2824 in
1023 2767 1112 2826 rebus
1127 2770 1230 2845 egenis

399 2857 486 2931 Quas
496 2856 594 2935 gentis
610 2857 721 2915 Italum
734 2867 786 2916 aut
800 2876 875 2933 quas
890 2877 951 2917 non
966 2860 1096 2919 oraveris
1110 2861 1216 2921 urbesl

401 2952 517 3009 Caussa
531 2949 600 3008 mali
615 2949 690 3008 tanti
704 2952 815 3025 conjux
829 2951 936 3010 iterum
951 2952 1070 3029 hospita
1082 2953 1207 3013 Teucris

400 3041 582 3118 Externique
596 3041 702 3101 iterum
716 3043 845 3103 thalami.

398 3137 447 3194 Tu
461 3154 499 3194 ne
514 3136 588 3194 cede
602 3136 697 3208 malis,
713 3136 767 3194 sed
782 3147 888 3196 contra
901 3136 1059 3196 audentior
1073 3137 1124 3210 ito,
1156 3172 1159 3187 ·
1350 3164 1380 3208 a.

399 3229 498 3301 Quam
513 3237 608 3287 tuate
624 3229 754 3287 Fortuna
768 3229 854 3289 sinet
898 3232 957 3289 Via
970 3230 1064 3307 prima
1078 3230 1190 3305 salutis,

399 3322 490 3394 Quod
505 3320 626 3379 minime
640 3320 721 3394 reris,
737 3323 828 3382 Graia
841 3324 990 3399 pandetur
1003 3323 1042 3382 ab
1056 3323 1137 3382 urbe.

439 3415 565 3474 Talibus
579 3433 616 3473 ex
630 3415 720 3491 adyto
734 3415 822 3475 dictis
838 3418 971 3476 Cumaea
984 3417 1095 3495 Sibylla

400 3508 575 3567 Horrendas
589 3508 668 3568 canit
682 3508 823 3586 ambages
837 3520 983 3586 antroque
997 3510 1133 3588 remugit,

398 3600 543 3661 Obscuris
555 3619 627 3661 vera
640 3602 796 3660 involvens
809 3624 815 3660 :
834 3621 873 3661 ea
885 3602 969 3662 frena
982 3603 1089 3663 furenti
1341 3623 1381 3658 uo

399 3695 550 3766 Concutit,
566 3705 598 3754 et
612 3695 747 3753 stimulos
761 3695 818 3754 sub
832 3706 954 3771 pectore
968 3696 1056 3755 vertit
1070 3694 1190 3773 Apollo.

398 3787 443 3845 Ut
456 3787 583 3863 primurn
597 3786 687 3846 cessit
701 3786 781 3845 furor
795 3797 825 3846 et
839 3789 944 3848 rabida
958 3808 1009 3848 ora
1023 3789 1168 3866 quierunt,

398 3881 509 3957 Incipit
522 3882 643 3939 Aeneas
657 3880 764 3938 heros:
786 3881 856 3938 Non
870 3882 932 3941 nlla
946 3882 1088 3955 laborum,

397 3973 427 4033 Ο
441 3973 532 4052 virgo,
548 3991 627 4031 nova
640 3972 681 4030 mi
695 3972 787 4031 facies
801 3972 960 4050 inopinave
973 3974 1086 4051 surgit3
