3550 4859
395 547 434 607 88
714 564 740 608 r.
758 562 893 608 maormr
914 561 1057 609 monis

397 711 434 770 In
448 707 544 769 burim
559 720 589 771 et
603 707 685 770 cmvi
699 710 824 770 formam
838 707 947 786 accipit
960 710 1057 768 ulmus
1069 703 1162 768 aratri.

396 802 480 863 Huic
494 804 533 863 ab
548 801 638 880 stirpe
653 803 746 880 pedes
759 811 840 863 temo
854 812 1008 879 protentus
1022 800 1053 861 in
1067 810 1146 874 octo,

396 897 489 957 Binae
504 915 597 970 aures,
613 895 724 973 duplici
738 906 876 973 aptantur
889 894 1021 955 dentalia
1033 894 1131 956 dorso.

397 990 540 1051 Caeditur
554 999 584 1050 et
598 988 661 1049 tilia
674 999 744 1049 ante
756 991 828 1067 jugo
842 988 924 1063 levis,
939 988 1058 1065 altaque
1072 988 1156 1063 fagus

399 1082 548 1159 Stivaque,
566 1102 643 1160 quae
657 1101 759 1143 cursus
773 1102 792 1141 a
805 1092 888 1158 tergo
903 1091 1041 1158 torqueat
1054 1081 1150 1155 imos;

398 1178 438 1237 Et
452 1196 597 1253 suspensa
610 1176 684 1235 focis
699 1177 833 1252 explorat
846 1175 954 1234 robora
966 1174 1072 1234 fumus.
1344 1197 1381 1239 ης

439 1271 566 1329 Possum
580 1269 675 1329 multa
688 1267 742 1329 tibi
755 1277 888 1328 veterum
903 1276 1062 1345 praecepta
1074 1266 1190 1339 referre,

399 1362 440 1423 Ni
453 1362 562 1440 refugis
576 1375 740 1438 tenuesque
754 1360 835 1438 piget
849 1378 1031 1437 cognoscere
1044 1378 1137 1419 curas.

397 1457 478 1515 Area
491 1474 560 1515 curn
574 1454 676 1533 primis
690 1454 803 1531 ingenti
817 1453 976 1530 aequanda
989 1451 1123 1530 cylindro

400 1551 438 1610 Et
451 1549 595 1610 vertenda
608 1567 699 1607 manu
713 1557 744 1608 et
758 1557 839 1607 creta
852 1545 1010 1606 solidanda
1024 1545 1130 1618 tenaci,

400 1645 430 1702 N
431 1662 449 1702 e
463 1643 590 1702 subeant
603 1642 722 1714 herbae,
737 1660 797 1700 neu
810 1641 931 1717 pulvere
945 1638 1024 1699 victa
1036 1638 1161 1699 fatiscat.
1345 1654 1385 1695 1⁸0

400 1736 479 1795 Tum
493 1734 591 1794 variae
606 1734 732 1794 illudant
745 1744 863 1811 pestes:
883 1751 973 1809 saepe
987 1730 1109 1809 exiguus
1122 1750 1188 1791 mus

399 1829 461 1889 Sub
476 1827 559 1888 terris
574 1827 734 1905 posuitque
749 1827 856 1887 domos
870 1836 960 1902 atque
973 1825 1079 1884 horrea
1092 1822 1182 1898 fecit,

399 1922 462 1981 Aut
476 1920 570 1979 oculis
584 1919 664 1997 capti
678 1920 780 1979 fodere
794 1917 904 1979 cubilia
917 1918 1036 1995 talpae3

401 2016 605 2090 Inventusque
616 2012 700 2073 'cavis
714 2012 795 2085 bufo,
811 2021 841 2071 et
854 2030 932 2088 quae
946 2010 1074 2087 plurima
1087 2020 1182 2071 terrae

401 2108 539 2167 Monstra
552 2106 669 2181 ferunt3
688 2106 872 2182 populatque
886 2103 1038 2181 ingentem
1052 2103 1134 2164 farris
1148 2121 1287 2165 acetrum
1347 2119 1386 2171 :aa

402 2199 552 2273 Curculio,
568 2210 657 2276 atque
672 2197 756 2275 inopi
769 2208 905 2258 metuens
919 2196 1045 2257 formica
1058 2208 1204 2257 senectae.

402 2294 630 2370 Contemplator
645 2291 725 2365 item,
740 2310 832 2368 quum
847 2310 880 2351 se
894 2310 955 2350 nux
968 2289 1095 2367 plurima
1109 2289 1190 2350 silvis

403 2387 514 2446 Induet
528 2386 558 2445 in
572 2386 675 2445 florem
690 2395 720 2445 et
733 2403 831 2445 ramos
845 2382 978 2444 curvabit
991 2385 1125 2444 olentes:

404 2480 437 2540 Si
450 2488 592 2557 superant
606 2479 691 2552 fetus,
706 2476 817 2555 pariter
829 2478 975 2537 frumenta
989 2486 1157 2554 sequentur,

403 2572 576 2649 Magnaque
591 2591 659 2632 cum
674 2589 784 2648 magno
797 2570 898 2631 veniet
911 2569 1013 2630 tritura
1026 2570 1144 2645 calore3
1349 2597 1387 2638 ιφ

402 2667 444 2724 At
458 2664 483 2725 si
498 2664 612 2725 luxuria
624 2664 763 2725 foliomm
778 2664 919 2725 exuberat
932 2664 1046 2736 umbra,

404 2758 615 2835 Nequidquam
631 2757 755 2836 pingues
769 2758 856 2835 palea
869 2765 944 2816 teret
958 2775 1027 2816 area
1040 2756 1162 2817 culmos

404 2849 524 2911 Semina
537 2850 598 2911 vidi
612 2850 752 2928 equidem
766 2851 876 2910 multos
890 2847 1039 2910 medicare
1053 2858 1187 2910 serentes

405 2945 444 3003 Et
458 2943 536 3003 nitro
550 2943 630 3028 prius
644 2954 674 3004 et
688 2944 772 3020 nigra
785 2943 961 3020 perfundere
976 2961 1104 3017 amurca,

405 3036 555 3097 Grandior
568 3046 600 3096 ut
614 3038 690 3097 fetus
704 3036 817 3113 siliquis
832 3035 987 3096 fallacibus
1000 3046 1088 3110 esset,

404 3130 452 3201 Et,
468 3130 603 3205 quamvis
616 3129 677 3207 igni
691 3128 806 3207 exiguo,
821 3138 979 3207 properata
992 3129 1154 3190 maderent

404 3220 476 3281 Vidi
490 3222 569 3282 lecta
582 3222 633 3281 diu
648 3232 678 3283 et
691 3224 785 3283 multo
799 3233 934 3300 spectata
947 3223 1049 3283 labore

405 3315 593 3391 Degenerare
608 3326 717 3389 tamen,
733 3314 764 3374 ni
777 3315 822 3376 vis
836 3317 967 3375 humana
981 3326 1056 3393 quot
1069 3313 1155 3377 annis

406 3407 540 3467 Maxima
554 3427 690 3486 quaeque
703 3428 793 3469 manu
807 3409 924 3486 legeret
967 3409 1016 3470 Sic
1031 3407 1132 3470 omnia
1144 3407 1212 3470 fatis

406 3502 444 3561 In
458 3502 544 3578 pejus
557 3521 649 3576 ruere,
665 3521 701 3562 ac
713 3513 791 3562 retro
806 3504 945 3580 sublapsa
958 3502 1057 3563 referri
1067 3505 1089 3578 3'
1346 3511 1389 3562 ιώ

406 3595 479 3654 Non
493 3593 584 3668 aliter,
601 3614 690 3671 quam
705 3594 756 3672 qui
770 3596 895 3656 adverso
908 3595 958 3655 vix
971 3596 1093 3656 flumine
1108 3596 1239 3657 lembum
1373 3599 1376 3606 '

406 3687 551 3765 Remigiis
565 3687 682 3765 subigit,
698 3686 724 3748 si
738 3687 859 3748 brachia
872 3689 947 3750 forte
961 3688 1083 3764 remisit,

406 3783 507 3857 Atque
521 3780 603 3840 illum
616 3779 646 3840 in
661 3800 805 3858 praeceps
819 3800 914 3857 prono
928 3781 1005 3859 rapit
1019 3783 1120 3843 alveus
1133 3781 1221 3843 amni

448 3874 605 3933 Praeterea
617 3884 677 3932 tam
692 3882 761 3933 sunt
774 3872 893 3933 Arctum
907 3873 1004 3935 sidera
1016 3875 1105 3936 nobis

408 3965 644 4043 Haedorumque
658 3965 722 4026 dies
736 3967 873 4027 servandi
887 3976 919 4028 et
931 3966 1046 4030 lucidus
1060 3968 1184 4047 Anguis,
1348 3998 1388 4038 ω,
