3550 4859
396 560 436 623 54
730 536 757 603 n}
778 558 879 604 ovrnu
901 559 1040 604 umorue

397 709 496 769 Causa
509 705 575 766 viae
590 707 708 785 conjux,
723 705 755 765 in
769 725 860 784 quam
873 706 988 766 calcata
1001 722 1149 766 venenum

396 800 508 877 Vipera
522 799 640 860 diffudit
654 811 882 877 crescentesque
895 798 1018 860 abstulit
1032 817 1136 859 annos

397 883 490 953 Posse
503 891 566 970 pati
580 892 668 965 volui,
683 912 741 952 nec
754 912 803 954 me
816 903 948 954 tentasse
962 893 1100 969 negab03
1347 918 1374 957 ες

395 985 476 1056 Vicit
486 987 588 1043 Amor.
623 987 736 1062 Supera
748 986 825 1047 deus
837 984 887 1046 hic
900 986 979 1046 bene
993 995 1084 1046 notus
1096 984 1129 1044 iu
1142 1002 1196 1046 ora
1209 993 1274 1058 est;

397 1081 446 1138 An
462 1078 499 1139 sit
513 1077 614 1152 ethic,
629 1078 744 1152 dubito,
759 1079 814 1140 sed
828 1089 858 1140 et
871 1078 922 1138 hic
935 1088 1037 1140 tamen
1051 1096 1177 1155 auguror
1190 1096 1275 1150 esse3

396 1173 549 1247 Famaque
563 1169 588 1230 si
602 1170 709 1231 veteris
723 1190 785 1232 uon
800 1182 845 1232 est
859 1171 984 1232 mentita
999 1171 1129 1249 rapinae,

395 1267 461 1324 Vos
471 1283 591 1341 quoque
603 1263 701 1341 junxit
710 1267 811 1325 Amor.
849 1267 906 1326 Per
916 1284 973 1342 ego
986 1266 1062 1326 haec
1072 1266 1140 1326 loca
1149 1265 1240 1341 plena
1249 1262 1375 1337 timoris,

396 1358 453 1417 Per
469 1357 562 1417 chaos
580 1358 638 1417 hoc
654 1357 759 1435 ingens
772 1357 910 1435 vastique
923 1358 1041 1420 silentia
1054 1357 1144 1436 regni,
1349 1385 1377 1426 ³0

397 1450 567 1527 Eurydices,
583 1469 645 1525 oro,
660 1461 818 1528 properata
832 1450 955 1512 retexite
968 1454 1045 1512 fatal

396 1543 507 1605 Omnia
520 1545 664 1603 debemur
676 1544 772 1618 vobis,
787 1546 979 1622 paullumque
993 1544 1107 1618 morati,

396 1636 494 1697 Serius
509 1648 559 1697 aut
574 1636 660 1697 citius
674 1638 777 1698 sedem
792 1657 984 1715 properamus
998 1638 1037 1698 ad
1051 1656 1149 1697 unam

396 1728 564 1789 Tendimus
578 1730 637 1790 huc
652 1749 766 1805 omnes,
781 1731 856 1790 haec
870 1740 917 1790 est
930 1732 1037 1790 domus
1051 1731 1163 1803 ultima,
1179 1747 1292 1806 vosque

396 1822 532 1882 Humani
546 1823 662 1899 generis
676 1822 850 1901 longissima
863 1841 955 1900 regna
967 1822 1082 1885 tenetis.
1350 1850 1375 1889 rs

396 1917 485 1975 Haec
500 1935 630 1992 quoque,
646 1936 738 1993 quum
749 1917 846 1996 justos
861 1927 975 1976 matura
989 1915 1133 1993 peregerit
1147 1934 1251 1989 annos,

395 2008 475 2085 Juris
489 2008 544 2068 erit
558 2007 668 2085 vestri,
685 2028 740 2087 pro
754 2028 875 2070 munere
889 2009 1041 2086 poscimus
1054 2028 1150 2070 usum
1290 2090 1292 2095 Ι

396 2102 489 2176 Quod
503 2100 528 2161 si
542 2102 603 2162 sata
615 2113 726 2180 negant
739 2102 858 2163 veniam
871 2121 927 2180 pro
941 2104 1077 2180 conjuge,
1093 2112 1207 2163 certum
1219 2111 1266 2164 est

298 2218 302 2227 ·
397 2195 488 2254 Nolle
501 2194 597 2255 redire
611 2194 702 2256 mihi:
722 2195 783 2256 leto
796 2196 925 2273 gaudete
940 2196 1073 2256 duorum

396 2286 484 2345 Talia
498 2287 647 2347 dicentem
662 2306 830 2364 nervosque
843 2288 883 2350 ad
896 2290 988 2350 verba
1001 2298 1172 2348 moventem

377 2374 380 2378 ’
398 2382 570 2457 Exsangues
585 2380 699 2440 flebant
712 2380 847 2442 animae:
868 2400 925 2442 nec
939 2383 1083 2442 Tantalus
1096 2381 1209 2442 undam

398 2472 538 2550 Captavit
550 2473 693 2552 refugam,
707 2474 880 2551 stupuitque
896 2474 1010 2535 Ixionis
1024 2474 1113 2549 orbis,

398 2567 464 2626 Nec
478 2585 612 2643 carpsere
624 2567 708 2643 Jecur
720 2569 864 2641 volucres,
879 2566 1018 2644 urnisque
1033 2579 1174 2628 vacarunt

398 2658 524 2733 Belides,
540 2658 631 2737 inque
645 2671 698 2721 tuo
711 2659 822 2735 sedisti,
837 2660 971 2738 Sisyphe,
987 2678 1068 2720 saxo.

397 2753 484 2811 Tunc
498 2751 624 2829 primum
640 2752 768 2814 lacrimis
781 2753 925 2814 victarum
939 2753 1069 2814 carmine
1083 2755 1162 2813 fama
1176 2764 1221 2813 est

399 2844 597 2926 Eumenidum
612 2845 762 2907 maduisse
775 2865 887 2923 genas;
907 2865 965 2906 nec
977 2845 1058 2923 regia
1071 2848 1182 2923 conjux

398 2937 531 2999 Sustinet
545 2938 642 2999 oranti
655 2958 720 3013 nec,
736 2939 788 3016 qui
801 2939 876 3017 regit
890 2939 959 3014 ima,
974 2959 1092 3017 negare,

400 3029 628 3109 Eurydicenque
641 3042 758 3092 vocant
803 3033 934 3092 Umbras
948 3042 1010 3093 erat
1024 3032 1074 3094 illa
1087 3042 1222 3094 recentes

399 3125 491 3196 Inter,
506 3134 537 3183 et
550 3122 672 3185 incessit
686 3143 775 3200 passu
790 3124 829 3185 de
842 3125 964 3185 vulnere
978 3126 1075 3186 tardo:

400 3220 490 3279 Hanc
504 3218 592 3280 simul
606 3229 637 3282 et
650 3220 747 3297 legem
761 3220 960 3298 Rhodopeius
975 3219 1083 3299 accipit
1096 3222 1194 3296 heros,

399 3314 448 3372 Ne
462 3312 562 3373 flectat
575 3323 653 3374 retro
666 3332 720 3374 sua
734 3313 855 3389 lumina,
870 3315 969 3376 donec
983 3317 1118 3378 Avernae

400 3404 512 3465 Exierit
524 3406 617 3466 valles
623 3427 633 3480 ;
653 3417 705 3468 aut
717 3406 797 3468 irrita
810 3407 894 3468 dona
905 3408 1009 3470 futura

401 3498 539 3575 Carpitur
552 3498 672 3559 acclivis
685 3519 740 3577 per
752 3510 836 3561 muta
849 3500 968 3562 silentia
980 3512 1098 3576 trames,

400 3592 528 3665 Arduus,
544 3592 697 3666 obscurus,
712 3592 837 3670 ealigine
851 3594 962 3656 densus
976 3614 1079 3671 opaca

400 3686 466 3745 Nec
480 3685 584 3762 procul
598 3685 752 3745 abluerant
766 3685 877 3746 telluris
891 3686 1022 3764 margine
1036 3705 1190 3749 summae:

401 3777 472 3851 Hic,
487 3796 526 3837 ne
540 3778 688 3851 deficeret,
703 3788 847 3853 metuens,
863 3778 1027 3857 avidusque
1040 3779 1162 3842 videndi

400 3869 498 3931 Flexit
512 3889 615 3930 amans
629 3872 752 3945 oculos3
772 3882 803 3932 et
815 3872 950 3948 protinus
964 3872 1015 3933 illa
1030 3874 1147 3951 relapsa
1158 3883 1214 3948 est,

401 3963 584 4041 Brachiaque
599 3962 766 4041 intendens,
777 3964 944 4045 prendique
958 3976 989 4028 et
1002 3968 1147 4045 prendere
1160 3976 1295 4045 mutans,
