3550 4859
739 557 898 606 Aruernos
917 556 978 605 bin
1001 562 1040 607 tv.
1321 551 1378 626 189

398 706 468 784 Quo
483 708 561 769 ruit?
581 711 745 771 extremum
757 708 817 769 boc
827 700 956 771 miserae
969 710 1022 771 det
1035 727 1143 771 munus
1157 708 1268 770 amanti
1282 730 1289 771 ε

398 804 561 879 Exspectet
574 800 751 879 facilemque
765 804 866 879 mgem
879 815 1046 881 ventosque
1058 805 1194 864 serentes
1339 823 1379 872 tt·

397 897 471 955 Non
484 896 547 973 jam
556 895 735 972 conjug'nrm
745 896 912 973 antiquum,
927 897 1011 974 ‘quod
1025 895 1165 975 prodidit,
1182 911 1245 970 στος

397 990 465 1049 Nec
480 989 605 1067 pulchro
619 998 652 1048 ut
667 987 755 1049 Latio
769 996 870 1057 careat
882 1005 1066 1069 regnumque
1081 988 1249 1067 relinquen

396 1084 533 1159 Tempus
546 1081 636 1141 inane
647 1092 730 1159 peto,
745 1082 878 1158 requiem
892 1082 1082 1160 spatiumque
1093 1082 1194 1157 furori,

397 1177 480 1234 Dum
493 1186 563 1235 rne'a
575 1192 624 1235 me
638 1174 749 1234 victam
762 1174 871 1235 doceat
884 1176 1002 1235 fortuna
1016 1175 1125 1237 dolere.

398 1271 569 1328 Extremam
583 1269 661 1327 hanc
675 1270 729 1327 oro
741 1268 1055 1329 veniam—miserere
1069 1268 1229 1329 sororis-
1313 1280 1317 1288 '
1336 1305 1339 1313 ·

397 1356 497 1438 Quam
505 1362 577 1421 mihi
586 1380 677 1439 quum
686 1360 815 1436 dederis,
823 1362 1004 1420 cumulatam
1018 1372 1112 1421 morte
1126 1361 1284 1422 remittam.

437 1454 563 1515 Talibus
578 1456 690 1529 orabat,
705 1455 843 1531 talesque
856 1453 1020 1514 miserrima
1030 1454 1122 1515 fletus

397 1551 526 1624 Fertque
540 1550 687 1625 refertque
701 1556 793 1608 uetror.¹
836 1548 897 1608 Sed
910 1547 1001 1607 nullis
1011 1546 1065 1608 -ille
1079 1558 1216 1608 movetur

397 1640 542 1714 Fletibus,
557 1649 609 1701 aut
622 1661 713 1702 uoces
727 1642 804 1701 ullas
818 1641 980 1701 tractabilis
995 1641 1096 1715 audit;

397 1736 472 1815 Eata
486 1736 616 1808 obstant,
632 1734 826 1812 placidasque
839 1734 894 1829 viri
909 1736 982 1795 deus
995 1733 1123 1795 obstruit
1137 1750 1230 1794 aurea

398 1830 444 1888 Ac
458 1829 539 1888 velut
553 1848 669 1888 annoso
683 1828 811 1889 validam
824 1848 921 1905 quum
934 1830 1042 1888 robore
1057 1846 1199 1905 quercum

398 1920 501 1998 Alpini
517 1924 628 1981 Boreae
643 1941 724 1981 nunc
737 1921 808 1981 hinc
820 1940 902 1981 nunc
916 1921 1037 1981 flatibus
1052 1920 1133 1981 illinc

398 2015 507 2097 Eruere
522 2013 598 2073 inter
611 2033 643 2074 se
657 2024 775 2084 certant,
782 2036 791 2088 ;
810 2014 834 2074 it
847 2014 963 2089 stridor,
980 2023 1010 2075 e't
1024 2015 1103 2075 altae

399 2107 602 2167 Constemunt
617 2117 723 2169 terram
737 2126 885 2168 concusso
900 2107 1001 2185 stipite
1015 2108 1156 2183 frondes3

400 2202 471 2277 Ipsa
485 2200 587 2259 haeret
601 2199 741 2278 scopulis,
757 2211 795 2274 et,
811 2212 955 2279 quantum
969 2200 1079 2262 vertice
1094 2202 1133 2262 ad
1147 2209 1234 2261 auras
1339 2233 1341 2238 ⁴

400 2292 563 2366 Aetherias,
578 2299 694 2352 tantum
708 2294 807 2354 radice
821 2284 852 2353 ln
865 2297 990 2355 Tartara
1000 2294 1119 2355 tendit:

400 2386 493 2444 Haud
507 2405 593 2445 secus
607 2385 740 2446 adsiduis
755 2386 825 2447 hinc
834 2397 929 2464 ¹atque
943 2387 1014 2447 hinc
1027 2387 1153 2448 vocibus
1166 2386 1256 2449 heros

400 2480 556 2553 Tunditur,
571 2490 601 2540 et
615 2496 724 2556 magno
737 2479 881 2556 persentit
894 2491 1015 2558 pectore
1029 2499 1134 2555 curas;

401 2574 490 2632 Mens
504 2571 628 2631 immota
641 2581 761 2647 manet3
781 2572 920 2633 lacrimae
933 2575 1093 2634 volvuntur
1106 2573 1219 2635 inanes.

439 2667 518 2725 Tum
532 2681 602 2725 vero
616 2664 718 2725 infelix
731 2664 798 2725 fatis
809 2666 949 2727 exterrita
962 2666 1044 2727 Dido

365 2752 371 2764 '
401 2760 532 2818 Mortem
547 2769 610 2818 orat
618 2776 630 2833 ·;
650 2758 750 2819 taedet
764 2758 841 2819 coeli
855 2775 989 2819 convexa
1003 2759 1108 2850 tueri.)

401 2852 469 2926 Quo
484 2851 576 2928 magis
590 2850 741 2928 inceptum
752 2857 876 2929 peragat
889 2851 1047 2929 lucemque
1061 2853 1218 2930 relinquat,

400 2943 490 3018 Vidit,
506 2944 669 3004 turicremis
683 2963 776 3021 quum
790 2945 872 3004 dona
884 2944 1051 3022 imponeret
1061 2945 1122 3005 aris
1132 2980 1174 2992 -

400 3038 591 3097 Horrendum
606 3036 687 3098 dictu
695 3037 848 3098 *latites
860 3036 1029 3114 nigrescere
1044 3053 1146 3099 sacros

399 3131 536 3207 Fusaque
546 3129 582 3189 in
596 3131 759 3191 obscenum
768 3149 806 3190 se
820 3140 933 3191 vertere
946 3129 1017 3191 vina
1028 3147 1174 3192 cruorem

399 3225 469 3283 Hoc
483 3223 578 3283 visum
592 3223 674 3298 nulli,
690 3242 751 3283 non
766 3222 822 3300 ipsi
836 3225 926 3283 effata
939 3223 1040 3284 sorori.

398 3319 553 3377 Praeterea
567 3315 621 3377 fuit
634 3315 665 3375 in
680 3316 766 3378 tectis
781 3317 819 3377 de
831 3335 980 3378 marmore
996 3318 1141 3395 templum

398 3409 543 3487 Conjngis
558 3409 679 3486 antiqui,
692 3408 770 3470 miro
784 3410 867 3487 quod
880 3411 995 3471 honore
1006 3410 1136 3484 colebat,

395 3502 562 3563 Velleribus
576 3501 668 3561 niveis
681 3513 714 3563 et
727 3504 803 3563 festa
816 3502 923 3564 fronde
938 3502 1123 3564 nemetim:

397 3595 479 3656 Hinc
493 3594 623 3656 exaudiri
636 3614 727 3656 voces
741 3606 771 3656 et
784 3596 876 3657 verba
887 3595 1024 3657 vocantis

396 3689 467 3749 Visa
480 3688 543 3762 viri,
558 3707 619 3748 nox
633 3707 724 3765 quum
740 3700 831 3749 terras
844 3690 974 3750 obscura
986 3699 1120 3764 teneret3

397 3783 522 3859 Solaque
536 3782 714 3842 culminibus
726 3782 811 3843 ferali
824 3783 955 3842 camrine
966 3783 1053 3843 bubo

398 3875 491 3953 Saepe
507 3876 589 3953 queri
604 3887 633 3935 et
644 3876 752 3953 longas
765 3875 797 3935 in
810 3875 914 3936 fletum
928 3876 1038 3936 ducere
1051 3891 1162 3950 voces;

395 3968 550 4047 Multaque
560 3980 716 4047 praeterea
727 3980 829 4029 vatum
842 3968 994 4047 proedcu
1007 3967 1138 4046 priorum
