3550 4859
677 562 843 621 nucourca·
884 541 950 608 rei.
974 564 1018 608 111.

770 720 925 760 naucerus

361 790 412 846 An
425 785 500 846 mihi
514 786 665 847 cantando
678 785 775 847 victus
788 806 851 850 non
864 788 1001 848 redderet
1016 785 1072 859 ille,

362 882 461 955 Quem
475 899 544 941 mea
556 878 736 940 carminibus
750 879 905 940 meruisset
918 880 1016 940 fistula
1029 879 1171 957 caprum?

360 972 392 1033 Si
406 972 513 1047 nescis,
529 992 613 1034 meus
626 971 676 1032 ille
690 992 780 1049 caper
793 972 867 1048 suit3
887 984 917 1034 et
931 972 1004 1032 mihi
1015 974 1140 1033 Damon

361 1067 434 1143 Ipse
448 1066 613 1148 fatebatur:
634 1065 687 1126 sed
701 1066 828 1126 reddere
838 1085 929 1143 posse
943 1065 1096 1143 negabat!

775 1190 928 1228 manners.

362 1253 570 1315 Cantandortu
583 1254 687 1315 illum?
705 1265 758 1316 aut
771 1275 914 1333 umquam
929 1254 982 1316 tibi
996 1255 1095 1315 fistula
1106 1270 1177 1315 cera
1315 1280 1340 1319 rs

359 1348 471 1423 Juncta
484 1346 558 1409 suit?
579 1367 641 1408 non
656 1358 688 1410 tu
701 1348 733 1407 in
747 1347 847 1423 triviis,
863 1348 992 1423 indocte,
1008 1337 1125 1408 solebas

359 1438 502 1502 Stridenti
516 1439 656 1502 miserum
671 1440 779 1520 stipula
793 1440 962 1519 disperdere
976 1442 1116 1512 carmen?

770 1564 927 1602 nauorrns

358 1630 415 1691 Vis
429 1650 508 1709 ergo,
525 1632 601 1692 inter
613 1651 677 1707 nos,
694 1632 766 1710 quid
780 1632 876 1710 possit
889 1643 1023 1710 uterque,
1039 1628 1170 1690 vicissim

360 1724 576 1802 Experiamur?
596 1744 654 1803 ego
668 1726 746 1785 hanc
760 1726 980 1787 vitulam—ne
995 1726 1069 1784 forte
1083 1740 1210 1797 recuses,

360 1816 412 1877 Bis
427 1817 509 1877 venit
522 1818 561 1878 ad
576 1820 740 1893 mulctram,
755 1818 843 1880 binos
858 1818 910 1880 alit
924 1822 1015 1882 ubere
1030 1818 1156 1878 setus-

360 1911 492 1988 Depono
504 1931 511 1970 :
525 1899 564 1983 stu
578 1909 635 1985 dic,
651 1931 769 1972 mecum
785 1932 846 1994 quo
859 1911 984 1992 pignore
998 1919 1102 1972 certes.

771 2036 924 2075 maumas·

359 2102 409 2161 De
423 2120 510 2180 grege
524 2120 586 2161 non
601 2101 695 2162 ausim
710 2103 870 2182 quicquam
884 2105 1035 2182 deponere
1048 2074 1169 2181 tecum:

360 2194 416 2253 Est
429 2192 502 2253 mihi
515 2213 644 2272 namque
659 2194 741 2256 domi
755 2207 846 2275 pater,
862 2208 908 2259 est
922 2195 1032 2276 injusta
1045 2213 1192 2269 noverca;

359 2285 470 2363 Bisque
485 2286 533 2347 die
546 2299 702 2348 numerant
716 2290 806 2350 ambo
819 2310 920 2371 pecus,
937 2291 1011 2350 alter
1024 2299 1054 2349 et
1067 2287 1190 2348 haedos.

357 2380 482 2453 Verum,
498 2379 527 2440 id
545 2382 627 2457 quod
641 2383 735 2443 multo
750 2392 813 2443 tute
827 2381 892 2462 ipse
905 2383 1037 2444 fatebere
1051 2382 1157 2462 majus,

359 2471 498 2533 Insanire
513 2472 586 2533 libet
600 2474 741 2550 quoniam
757 2474 819 2550 tibi,
835 2476 945 2554 pocula
958 2493 1070 2553 ponam

358 2565 482 2643 Fagina,
498 2566 643 2626 caelatum
659 2566 751 2627 divini
768 2586 844 2646 opus
858 2565 1097 2629 Alcimedontis:

358 2660 458 2719 Lenta
471 2658 578 2736 quibus
593 2671 679 2720 torno
693 2660 773 2721 sacili
787 2661 980 2741 superaddita
992 2660 1060 2721 vitis

358 2751 494 2813 Diffusos
508 2752 619 2813 hedera
632 2753 720 2813 vestit
733 2754 865 2831 pallente
879 2754 1046 2833 corymbos

358 2846 399 2904 In
414 2845 513 2906 medio
528 2847 588 2906 duo
603 2845 695 2923 signa,
712 2848 829 2920 Conon,
846 2857 924 2907 et-
933 2844 999 2923 quis
1012 2844 1067 2905 fuit
1081 2845 1162 2920 alter,

358 2937 526 3015 Descripsit
539 2938 622 2999 radio
637 2949 733 2999 totum
749 2939 800 3016 qui
813 2937 952 3017 gentihus
967 2940 1079 3013 orbem,

357 3032 511 3109 Tempora
524 3049 601 3109 quae
615 3050 736 3106 messor,
752 3051 829 3110 qnae
843 3049 951 3093 curvus
965 3040 1063 3092 arator
1075 3031 1220 3092 haberet?

357 3124 500 3184 Necdum
515 3123 572 3184 illis
586 3126 668 3185 labra
683 3123 811 3200 admovi,
827 3125 881 3186 sed
895 3122 1018 3186 condita
1032 3121 1125 3185 servo.

767 3250 923 3289 nunonis.

356 3322 400 3381 Et
413 3320 500 3381 nobis
514 3320 594 3381 idem
609 3311 788 3381 Alcimedon
803 3321 864 3381 duo
878 3321 987 3397 pocula
1000 3317 1078 3393 fecit,

357 3415 400 3474 Et
413 3413 495 3474 molli
510 3413 620 3474 circum
634 3424 680 3474 est
694 3431 781 3473 ansas
796 3411 949 3490 amplexus
964 3410 1101 3487 acantho,

357 3507 541 3584 Orpheaque
556 3505 586 3565 in
601 3506 701 3566 medio
715 3505 815 3584 posuit
829 3506 977 3583 §hasque
992 3515 1156 3582 sequentes.

358 3600 501 3660 Necdum
515 3598 572 3659 illis
586 3600 669 3659 labra
682 3598 811 3674 admovi,
827 3598 881 3659 sed
895 3597 1018 3659 condita
1031 3608 1145 3664 servo-l

356 3691 389 3753 Si
403 3693 444 3752 ad
457 3691 580 3753 vitulam
594 3702 720 3770 spectas,
735 3691 809 3751 nihil
824 3700 877 3766 est,
894 3691 974 3769 quod
989 3692 1099 3769 pocula
1112 3689 1243 3751 laudes:

771 3811 924 3850 nnuma

358 3882 523 3957 Nunquam
537 3878 628 3940 hodie
642 3877 783 3955 effugies3
802 3877 929 3952 veniam,
945 3894 1135 3955 quocumque
1147 3874 1272 3937 vocaris

355 3970 472 4033 Audiat
484 3972 559 4033 haec
573 3972 793 4033 tannim—vel
807 3970 859 4049 qui
873 3970 964 4047 veuit,
978 3989 1059 4047 ecce,
1074 3971 1246 4061 l'alaemori.
1312 3973 1338 4036 so
