3550 4859
733 580 916 626 GEORGICON
938 579 998 625 um.
1021 580 1066 624 11.·

405 726 596 805 Persequitur
608 726 699 788 vitem
713 727 874 789 attondens
887 727 1032 806 fingitque
1045 727 1188 804 putando.

404 821 519 881 Primus
533 822 657 881 humum
670 820 775 894 fodito,
791 821 903 898 primus
918 821 1043 880 devecta
1056 830 1189 880 cremato

403 916 566 988 Sarmenta,
582 924 612 974 et
625 915 720 974 vallos
733 914 845 991 primus
859 914 916 973 sub
931 922 1011 972 tecta
1024 914 1131 973 referto
1141 935 1150 987 3

404 1010 576 1067 Postremus
590 1007 702 1067 metito.
746 1007 796 1066 Bis
810 1006 919 1066 vitibus
934 1006 1041 1082 ingruit
1059 1007 1184 1080 umbra3

403 1101 454 1159 Bis
467 1111 600 1178 segetem
615 1099 715 1160 densis
729 1101 891 1187 obducuntn
899 1098 1032 1159 sentibus
1046 1099 1176 1173 herbae;

403 1196 503 1253 Durus
518 1204 642 1269 uterque
657 1194 761 1253 labor:
782 1193 904 1252 laudato
919 1192 1050 1269 ingentia
1063 1211 1138 1266 rura,

403 1287 550 1364 Exiguum
564 1286 664 1346 colite.
709 1289 848 1345 Necnon
865 1285 954 1344 etiam
970 1305 1073 1362 aspera
1086 1285 1164 1346 rusci

402 1379 525 1439 Vimina
537 1399 592 1458 per
606 1379 719 1452 silvam,
735 1389 766 1438 et
779 1378 851 1455 ripis
865 1378 990 1437 fluvialis
1005 1379 1119 1440 arundo

402 1474 554 1546 Caeditur,
570 1472 732 1549 incultique
747 1481 866 1531 exercet
879 1491 951 1530 cura
964 1471 1066 1531 salicti.

399 1568 469 1643 Jam
483 1566 601 1627 vinctae
614 1566 699 1640 vites,
712 1568 775 1642 jam
790 1566 897 1624 falcem
913 1566 1032 1624 arbusta
1045 1559 1202 1642 reponunt,

399 1661 468 1736 Jam
482 1659 563 1720 canit
577 1661 698 1719 effectos
713 1670 862 1719 extremus
876 1658 986 1716 vinitor
998 1668 1083 1717 antes
1095 1682 1101 1717 ι

342 1791 350 1802 ·
400 1751 593 1813 Sollicitanda
607 1764 707 1812 tamen
722 1753 817 1825 tellus,
830 1751 987 1828 pulvisque
1002 1752 1177 1825 movendus,

401 1847 440 1905 Et
451 1848 515 1922 Jam
530 1845 650 1905 maturis
664 1846 843 1905 metuendus
857 1844 995 1921 Juppiter
1008 1844 1080 1905 uvis.

441 1939 556 1998 Contra
570 1958 631 1999 non
646 1940 707 1998 ulla
721 1949 766 1998 est
780 1939 855 1998 oleis
870 1939 1004 2013 cultura3
1024 1957 1122 2014 neque
1136 1938 1204 1999 illae

401 2032 580 2091 Procurvam
594 2042 769 2109 exspectant
782 2034 889 2092 falcem
904 2043 1074 2107 rastrosque
1089 2041 1217 2106 tenaces,

400 2125 502 2200 Quum
517 2126 608 2184 semel
623 2126 782 2185 haeserunt
797 2124 873 2185 arvis
887 2144 1032 2201 aurasque
1047 2126 1196 2199 tulerunt;

400 2219 473 2293 Ipsa
488 2217 558 2278 satis
574 2219 670 2291 tellus,
686 2238 777 2295 quum
793 2220 882 2279 dente
897 2218 1059 2278 recluditur
1072 2236 1159 2291 unco,

399 2312 513 2371 Sufficit
526 2313 680 2371 humorem
696 2322 726 2371 et
738 2311 874 2388 gravidas
888 2331 957 2371 cum
972 2329 1092 2371 vomere
1107 2312 1224 2388 fruges,
1264 2301 1267 2308 ¹

401 2406 472 2465 Hoc
487 2404 626 2482 pinguem
641 2415 671 2464 et
685 2404 825 2481 placitam
841 2404 912 2464 Paci
926 2404 1053 2465 nutritor
1068 2404 1184 2463 olivam.

440 2500 536 2557 Poma
550 2517 679 2574 quoque,
695 2507 728 2557 ut
742 2497 868 2574 primum
883 2509 1004 2558 truncos
1019 2516 1137 2557 sensere
1151 2498 1284 2558 valentes

400 2593 439 2651 Et
452 2590 528 2651 vires
542 2592 672 2651 habuere
685 2609 761 2663 suas,
778 2590 817 2650 ad
831 2591 927 2653 sidera
941 2590 1049 2668 raptim

398 2684 438 2742 Vi
452 2684 572 2761 propria
585 2684 717 2744 nituntur
731 2684 856 2761 opisque
869 2685 950 2744 haud
965 2683 1067 2761 indiga
1080 2693 1206 2743 nostrae.

399 2779 465 2837 Nec
480 2778 578 2836 minus
593 2774 708 2837 interea
718 2778 780 2836 fetu
794 2795 900 2836 nemus
914 2796 1003 2836 omne
1017 2777 1175 2855 gravescit,

398 2870 633 2947 Sanguineisque
647 2870 759 2929 inculta
772 2871 880 2929 rubent
894 2869 1003 2930 aviaria
1016 2870 1118 2930 baccis
1131 2893 1137 2930 :

396 2964 577 3023 Tondentur
588 2962 682 3040 cytisi,
698 2964 801 3022 taedas
815 2963 891 3022 silva
904 2964 965 3022 alta
978 2963 1132 3036 ministrat,

399 3059 624 3132 Pascunturque
639 3055 722 3133 ignes
737 3055 875 3115 nocturni
889 3066 919 3115 et
934 3055 1047 3115 lumina
1060 3056 1206 3117 fundunt:

399 3152 439 3209 Et
452 3147 591 3209 dubitant
605 3148 742 3208 homines
757 3168 851 3209 serere
866 3159 956 3225 atque
971 3148 1144 3226 impendere
1159 3151 1279 3210 curam?

399 3242 482 3318 Quid
497 3243 611 3321 maj0ra
624 3245 750 3318 sequar?
771 3243 875 3301 salices
890 3243 1076 3318 humilesque
1090 3253 1239 3319 genestae,

400 3338 463 3394 Aut
477 3335 545 3395 illae
559 3335 659 3412 pecori
674 3336 809 3395 frondem
824 3345 875 3394 aut
889 3334 1057 3411 pastoribus
1071 3337 1191 3396 umbras

397 3428 560 3501 Sufficiunt,
576 3448 758 3505 saepemque
772 3428 842 3495 satis
857 3439 886 3488 et
901 3429 1011 3505 pabula
1025 3428 1113 3489 melli.

357 3566 360 3571 -
398 3523 438 3581 Et
448 3522 534 3596 juvat
547 3522 710 3580 undantem
725 3522 805 3581 buxo
819 3531 953 3597 spectare
968 3522 1111 3598 Cytorum

397 3613 604 3693 Naryciaeque
618 3612 692 3691 picis
706 3615 799 3686 lucos,
812 3616 897 3689 juvat
911 3633 981 3673 arva
994 3613 1095 3674 videre

397 3710 469 3769 Non
484 3707 593 3781 rastris,
608 3706 764 3767 hominum
777 3725 840 3766 non
853 3705 906 3766 ulli
921 3707 1053 3767 obnoxia
1066 3726 1161 3769 curae.

357 3800 360 3806 ’
397 3802 488 3877 Ipsae
503 3800 650 3862 Caucasio
664 3799 777 3860 steriles
791 3799 822 3858 in
835 3798 946 3860 vertice
960 3799 1060 3872 silvae,

398 3894 482 3969 Quas
496 3892 622 3953 animosi
637 3892 707 3952 Euri
722 3892 846 3953 adsidue
859 3893 1057 3969 franguntque
1070 3894 1234 3972 feruntque,

398 3987 483 4047 Dant
497 3985 572 4048 alios
585 3985 660 4047 aliae
674 3987 761 4061 fetus,
776 3985 849 4047 daut
862 3985 936 4047 utile
950 3986 1063 4064 lignum
