3550 4859
400 570 469 614 120¹
715 568 740 611 Ρ.
763 567 897 612 VIRGILII
918 568 1060 614 nmis

397 712 575 790 Insequitur.
619 712 718 785 Quem
733 712 786 772 das
799 713 901 787 finem,
917 732 970 773 rex
983 733 1099 792 magne,
1114 713 1272 778 labonnn?

397 810 534 866 Antenor
547 805 652 883 potuit,
667 805 774 866 mediis
788 806 908 883 elapsus
922 806 1054 880 Achivis,

397 899 534 979 Illyricos
548 908 702 976 penetrare
716 898 798 958 sinus
813 909 903 975 atque
918 898 1024 960 intima
1037 910 1116 962 tutus

397 994 505 1071 Regna
518 992 724 1063 Libumorum‚
740 1001 771 1051 et
785 992 900 1052 fontem
915 1011 1054 1070 superare
1068 993 1193 1067 Timavi,

398 1086 490 1146 Unde
504 1103 559 1161 per
572 1103 625 1143 ora
638 1103 747 1144 novem
760 1095 847 1144 vasto
860 1105 930 1145 cum
943 1104 1090 1147 murmure
1104 1086 1214 1148 montis
1338 1116 1376 1154 nes

398 1181 427 1238 It
440 1197 521 1237 mare
535 1188 709 1255 proruptum
723 1187 755 1237 et
768 1178 876 1255 pelago
890 1179 999 1255 premit
1012 1198 1081 1239 arva
1094 1180 1220 1241 sonanti.

399 1272 460 1332 Hic
476 1282 576 1330 tamen
591 1270 642 1329 ille
656 1270 760 1329 urbem
774 1271 877 1331 Patavi
892 1272 1040 1347 sedesque
1054 1271 1163 1334 locavit

397 1367 591 1437 Teucrorum,
606 1374 637 1423 et
649 1364 732 1442 genti
747 1383 857 1424 nomen
872 1364 955 1424 dedit
968 1384 1109 1441 armaque
1123 1365 1187 1426 fixit

397 1458 497 1531 Troia,
513 1475 592 1516 nunc
606 1456 725 1534 placida
738 1468 912 1534 compostus
926 1475 1000 1535 pace
1015 1457 1162 1533 quiescit:

398 1553 464 1611 Nos
478 1560 529 1610 tua
542 1549 709 1627 progenies,
724 1550 802 1609 coeli
816 1549 924 1625 quibus
938 1550 1046 1610 adnuis
1060 1569 1168 1624 arcem,
1338 1578 1378 1617 ψ

399 1644 582 1703 Navibus—
591 1642 744 1702 infandum
755 1643 946 1716 t—amissis,
961 1642 1049 1704 unius
1063 1644 1104 1703 ob
1117 1642 1191 1703 iram

398 1736 554 1797 Prodimur
567 1746 657 1813 atque
671 1736 757 1795 Italis
771 1736 860 1812 longe
873 1736 1071 1814 disiungimur
1084 1737 1153 1797 oris.

398 1830 461 1891 Hic
474 1829 593 1907 pietatis
608 1830 727 1889 honos?
747 1829 791 1889 sic
805 1848 863 1889 nos
876 1829 908 1888 in
923 1840 1040 1907 sceptra
1053 1829 1193 1907 reponis?

438 1923 499 1983 Olli
513 1921 670 1983 subridens
683 1921 838 1981 hominum
851 1925 931 1982 sato'r
945 1933 1034 1999 atque
1049 1923 1173 1983 deorum

394 2016 499 2089 Vultu,
515 2034 575 2091 quo
590 2014 707 2074 coelum
721 2024 974 2092 tempestatesque
988 2025 1115 2089 serenat,
1339 2039 1378 2078 ars

399 2110 511 2174 Oscula
524 2106 627 2167 libavit
641 2116 737 2181 natae,
752 2107 861 2167 dehinc
875 2108 947 2167 talia
960 2108 1057 2168 fatur:

398 2204 491 2261 Parce
505 2210 596 2274 metu,
612 2200 769 2279 Cytherea,
783 2210 907 2261 manent
920 2201 1044 2261 immota
1057 2211 1173 2261 tuorum

398 2296 473 2354 Fata
486 2293 559 2354 tibi:
579 2311 683 2353 cernes
696 2294 801 2352 urbem
815 2303 845 2353 et
858 2294 1004 2371 promissa
1018 2294 1124 2354 Lavini

398 2388 530 2461 Moenia,
546 2386 763 2463 sublimemque
777 2386 854 2446 feres
867 2388 906 2447 ad
921 2386 1019 2447 sidera
1032 2387 1110 2446 coeli
1191 2431 1195 2442 .

398 2479 624 2559 Magnanimum
639 2481 763 2539 Aenean
775 2500 785 2554 3
804 2499 903 2557 neque
916 2498 966 2539 me
979 2480 1128 2540 sententia
1139 2479 1236 2540 vertit
1339 2491 1378 2532 ιω

398 2574 460 2634 Hic
474 2573 528 2634 tibi
538 2608 579 2616 -
589 2572 675 2632 fabor
687 2572 775 2645 enim,
791 2573 913 2649 quando
927 2574 1002 2632 haec
1015 2582 1046 2634 te
1059 2592 1130 2633 cura
1143 2571 1301 2645 remordet,

398 2665 530 2745 Longius
545 2677 575 2726 et
588 2666 711 2725 volvens
725 2664 850 2725 fatorum
865 2684 974 2725 arcana
986 2666 1164 2725 movebo-

397 2760 513 2819 Bellum
528 2759 634 2837 ingens
647 2767 730 2837 geret
744 2758 832 2818 Italia
845 2758 1033 2836 populosque
1046 2760 1160 2819 seroces

397 2852 580 2924 Contundet,
596 2870 754 2927 moresque
768 2850 839 2911 viris
853 2862 884 2912 et
897 2852 1016 2911 moenia
1029 2862 1130 2929 ponet,

397 2943 500 3004 Tertia
514 2944 585 3008 dum
600 2944 688 3004 Latio
701 2953 876 3023 regnantem
889 2944 998 3004 viderit
1011 2954 1118 3017 aestas,
1338 2955 1377 3006 ⁸⁶5

397 3040 557 3113 Temaque
570 3036 738 3096 transierint
752 3036 873 3097 Rutulis
886 3037 1013 3097 hiberna
1026 3037 1165 3098 subactis.

398 3133 439 3190 At
453 3148 528 3208 puer
542 3130 698 3201 Ascanius,
714 3129 762 3189 cui
776 3148 857 3189 nunc
870 3148 1040 3207 cognomen
1055 3130 1122 3190 Iulo

396 3223 534 3296 Additur,
545 3223 658 3282 —Ilus
672 3232 743 3295 erat,
758 3222 830 3281 dum
844 3241 893 3282 res
906 3222 990 3283 stetit
1003 3223 1061 3283 Ilia
1074 3241 1167 3301 regno
1176 3254 1216 3264 -·

396 3316 535 3393 Triginta
548 3334 673 3393 magnos
686 3315 844 3375 volvendis
857 3316 1011 3375 mensibus
1026 3316 1114 3375 orbes

397 3408 529 3486 Imperio
545 3408 685 3485 explebit,
700 3427 884 3487 regnumque
899 3410 938 3468 ab
952 3409 1024 3469 sede
1039 3407 1144 3467 Lavini
1338 3428 1378 3468 tm

397 3502 576 3575 Transferet,
592 3514 622 3561 et
635 3503 755 3580 longam
769 3503 863 3562 multa
875 3502 905 3561 vi
919 3502 1032 3562 muniet
1047 3502 1165 3561 Albam.

398 3596 460 3655 Hic
477 3595 540 3674 jam
554 3604 734 3654 tercentum
747 3604 827 3655 totos
841 3595 1011 3688 regnpbitur
1024 3614 1122 3655 annos

398 3690 496 3747 Gente
512 3687 566 3746 sub
582 3689 742 3760 Hectorea,
758 3687 856 3747 donec
870 3680 973 3766 regina
986 3689 1128 3752 sacerdos

398 3781 497 3839 Marte
511 3779 607 3858 gravis
620 3779 769 3856 geminam
782 3790 869 3857 partu
882 3781 967 3842 dabit
981 3780 1038 3840 Ilia
1050 3782 1173 3859 prolem

399 3872 476 3933 Inde
491 3874 579 3949 lupae
593 3872 674 3931 fulvo
689 3872 811 3932 nutricis
825 3871 957 3951 tegmine
970 3874 1065 3933 laetus
1340 3896 1384 3940 ne.

399 3964 545 4025 Romulus
560 3964 687 4043 excipiet
699 3975 829 4045 gentem,
844 3976 875 4026 et
890 3966 1038 4028 Mavortia
1051 3966 1164 4027 condet
