3550 4859
399 549 455 610 106
482 530 489 542 ’
712 564 739 609 r.
760 562 894 608 vinoun
915 561 1057 607 mosis

396 711 482 769 Neve
497 708 573 769 inter
585 709 662 769 vites
675 709 808 787 corylum
822 727 886 767 sere
897 730 907 782 ;
927 726 1002 766 neve
1016 704 1133 784 flagella

397 804 520 862 Summa
532 812 609 879 pete,
626 812 676 861 aut
689 820 806 861 summa
819 800 955 878 defringe
967 818 1004 858 ex
1018 800 1122 858 arbore
1135 797 1274 875 plantas3
1338 823 1376 861 ιω

395 897 512 955 Tantus
526 914 609 955 amor
622 906 717 953 terrae
730 916 739 969 3
760 913 819 953 neu
832 894 910 952 serro
924 893 1010 951 laede
1024 891 1146 951 ‘retunso

397 988 538 1061 Semina3
558 1006 634 1046 neve
648 988 733 1046 oleae
747 986 891 1045 silvestris
906 985 1003 1045 insere
1018 995 1159 1045 truncos:

397 1082 477 1139 Nam
491 1099 580 1156 saepe
595 1079 721 1138 incautis
735 1078 905 1155 pastoribus
919 1078 1029 1137 excidit
1043 1077 1128 1156 ignis,

397 1174 466 1248 Qui,
481 1173 581 1233 furtim
595 1172 699 1250 pingui
713 1172 840 1248 primum
854 1170 910 1230 sub
923 1171 1034 1231 cortice
1048 1182 1153 1245 tectus,

397 1268 520 1326 Robora
533 1264 730 1342 comprendit,
746 1263 928 1339 frondesque
943 1265 1061 1341 elapsus
1076 1264 1106 1322 in
1119 1265 1196 1325 altas
1235 1275 1240 1283 '

235 1414 241 1422 .
322 1420 325 1425 ,
396 1361 556 1436 Ingentem
570 1356 656 1417 coelo
670 1357 801 1417 sonitum
816 1356 921 1431 dedit3
941 1357 1012 1416 inde
1027 1367 1153 1417 secutus

397 1454 456 1525 Per
470 1470 568 1509 ramos
582 1448 676 1509 victor
689 1467 802 1526 perque
816 1450 877 1509 alta
889 1449 1044 1509 cacumina
1058 1459 1170 1528 regnat,

397 1546 436 1604 Et
449 1554 546 1603 totum
559 1543 683 1601 involvit
696 1542 824 1602 flammis
839 1562 952 1615 nemus,
968 1552 999 1602 et
1012 1543 1070 1602 ruit
1084 1553 1177 1603 atram

397 1638 448 1697 Ad
461 1637 578 1697 coelum
592 1635 678 1712 picea
691 1655 808 1695 crassus
822 1636 949 1713 caligine
963 1636 1082 1709 nubem,

398 1729 576 1790 Praesertim
590 1728 617 1788 si
630 1738 794 1806 tempestas
809 1747 827 1788 a
840 1728 950 1787 vertice
965 1727 1055 1788 silvis.

398 1822 546 1895 Incubuit,
561 1823 765 1900 glomeratque
778 1821 877 1880 serens
892 1821 1031 1880 incendia
1045 1830 1159 1881 ventus.

399 1908 471 1976 Hoc
484 1915 545 1988 ubi,
561 1935 622 1974 non
636 1935 655 1975 a
668 1916 761 1991 stirpe
775 1916 875 1974 valent
889 1932 1054 1990 caesaeque
1068 1914 1173 1975 reverti

397 1998 529 2068 Possunt
541 2017 632 2084 atque
645 2009 706 2067 ima
720 2008 832 2068 similes
845 2007 1024 2067 revirescere
1037 2017 1132 2082 terra3

398 2101 508 2161 Infelix
522 2110 643 2178 superat
657 2100 739 2160 soliis
750 2101 879 2160 oleaster
893 2101 1007 2160 amaris.

439 2195 505 2253 Nec
519 2193 574 2253 tibi
588 2204 649 2252 tam
663 2194 795 2270 prudens
810 2194 968 2270 quisquam
982 2192 1158 2269 persuadeat
1170 2202 1275 2254 auctor

398 2286 551 2346 Tellurem
566 2288 662 2346 Borea
675 2286 800 2365 rigidam
814 2287 947 2363 spirante
961 2304 1088 2345 movere.

399 2381 485 2439 Rura
497 2380 566 2457 gelu
581 2390 652 2439 tunc
666 2379 779 2439 claudit
792 2378 897 2452 hiems,
913 2398 970 2439 nec
984 2378 1098 2438 semine
1115 2377 1198 2457 jacto

328 2483 330 2488 '
399 2473 580 2533 Concretam
593 2472 703 2550 patitur
716 2473 848 2532 radicem
861 2473 982 2551 affigere
995 2483 1100 2533 terrae.

359 2609 363 2616 -
399 2566 524 2642 Optima
537 2566 645 2625 vinetis
658 2565 744 2639 satio,
760 2585 851 2642 quum
864 2584 933 2625 vere
948 2566 1065 2625 rubenti

399 2658 537 2719 Candida
550 2657 631 2718 venit
644 2660 708 2718 avis
722 2658 818 2735 longis
832 2657 928 2717 invisa
941 2658 1081 2731 colubris,

399 2751 498 2810 Prima
511 2752 560 2810 vel
574 2752 708 2811 autumni
722 2751 778 2811 sub
793 2752 909 2829 frigora,
926 2770 1017 2827 quum
1031 2749 1152 2828 rapidus
1167 2750 1219 2811 Sol

399 2844 542 2903 Nondum
556 2845 686 2905 hiemem
699 2842 846 2922 contingit
860 2844 954 2920 equis,
975 2846 1037 2920 jam
1051 2844 1192 2921 praeterit
1206 2853 1313 2907 aestas.

398 2938 459 2995 Ver
472 2937 549 2996 adeo
563 2937 662 2996 frondi
676 2956 839 3010 nemorum,
854 2956 908 2996 ver
920 2937 992 2996 utile
1006 2937 1097 3011 silvis,

398 3031 479 3088 Vere
493 3039 610 3090 tument
623 3041 718 3090 terrae
732 3040 763 3090 et
776 3030 919 3108 genitalia
932 3030 1048 3089 semina
1061 3040 1196 3106 poscunt

398 3124 477 3181 Tum
490 3133 575 3198 pater
587 3123 778 3199 omnipotens
793 3123 930 3182 secundis
944 3123 1088 3182 imbribus
1101 3124 1215 3183 Aether
1343 3154 1382 3193 ³²⁵

399 3215 543 3294 Conjugis
556 3214 587 3273 in
601 3216 746 3294 gremium
761 3216 857 3275 laetae
871 3215 1038 3289 descendit,
1054 3226 1084 3275 et
1098 3233 1204 3276 omnes

400 3310 530 3386 Magnus
543 3308 604 3381 alit,
619 3327 728 3387 magno
742 3309 919 3368 commixtus
933 3328 1069 3386 corpore,
1085 3309 1170 3369 fetus.

399 3398 478 3457 Avia
491 3408 553 3457 tum
567 3409 709 3459 resonant
723 3398 826 3459 avibus
840 3398 969 3478 virgulta
981 3400 1108 3472 canoris,

400 3493 440 3550 Et
453 3493 602 3551 Venerem
617 3492 705 3551 certis
718 3502 856 3570 repetunt
870 3502 1006 3551 armenta
1019 3492 1126 3551 diebus
1137 3511 1146 3566 ;

400 3584 528 3644 Parturit
542 3585 637 3644 almus
650 3603 729 3663 ager,
744 3585 930 3664 Zephyrique
944 3584 1115 3662 tepentibus
1129 3584 1209 3643 auris
1344 3611 1381 3651 ψ

400 3680 516 3737 Laxant
530 3697 600 3737 arva
614 3678 714 3752 sinus;
734 3688 853 3755 superat
866 3689 952 3738 tener
965 3679 1105 3738 omnibus
1119 3679 1244 3751 humor;

401 3774 497 3848 Inque
513 3767 607 3831 novos
621 3773 702 3831 soles
715 3773 827 3832 audent
841 3790 873 3831 se
886 3772 1022 3850 gramina
1034 3781 1099 3833 tuto

401 3865 531 3925 Credere
542 3887 551 3939 3
571 3883 628 3925 nec
641 3864 746 3925 metuit
760 3865 908 3943 surgentis
921 3865 1080 3942 pampinus
1094 3874 1211 3926 austros

401 3960 461 4019 Aut
474 3968 573 4019 actum
587 3959 674 4019 coelo
687 3957 804 4038 maguis
817 3957 1008 4035 aquilonibus
1022 3958 1157 4034 imbrem,
1196 4017 1198 4023 .
