3550 4859
709 562 919 610 Mutuom.
941 563 1001 608 HR.
1025 562 1071 607 111.

401 712 504 769 Penua
519 710 596 769 latus
609 709 697 783 velat,
712 718 796 771 tenet
808 728 844 771 os
857 708 923 772 sine
936 708 1074 770 animine
1088 718 1222 770 rostrum

400 803 448 863 Fit
461 821 543 865 nova
556 803 678 879 Cygnus
691 802 762 876 avis,
778 821 836 863 nec
849 820 882 864 se
896 804 1043 880 coeloque
1055 800 1185 879 Jovique

400 897 512 971 Credit,
528 906 561 956 ut
575 894 685 972 injuste
698 894 781 955 missi
795 914 911 956 memor
924 893 1001 971 ignis
1014 896 1054 956 ab
1067 894 1137 955 illo:

399 992 510 1067 Stagna
523 988 599 1067 petit
612 988 791 1065 patruosque
804 989 897 1062 lacus,
911 988 1071 1065 ignemque
1085 1005 1216 1065 perosus,

400 1084 486 1159 Quae
500 1084 590 1156 colat,
606 1080 695 1159 elegit
708 1080 856 1141 contraria
868 1080 993 1142 flumina
1004 1080 1140 1141 fiammis.

439 1175 598 1254 Squalidus
613 1176 727 1236 interea
738 1173 856 1251 genitor
870 1172 1067 1234 Phaethontis
1081 1183 1112 1234 et
1125 1192 1230 1251 expers

400 1271 471 1347 Ipse
487 1268 533 1336 sui
548 1268 672 1343 decoris,
688 1267 793 1346 qualis,
809 1285 902 1344 quum
916 1266 1018 1327 deficit
1030 1268 1143 1340 orbem,

400 1365 474 1423 Esse
489 1363 574 1435 solet,
591 1364 748 1439 lucemque
762 1360 827 1421 odit
841 1377 935 1437 seque
949 1359 1013 1436 ipse
1028 1358 1176 1436 diemque,

399 1458 522 1533 Datque
536 1454 669 1515 animum
683 1456 714 1514 in
729 1457 834 1528 luctus,
850 1462 882 1514 et
895 1452 1024 1514 loetibus
1037 1452 1141 1529 adjicit
1154 1453 1236 1527 iram,

399 1548 601 1626 Officiumque
616 1559 705 1625 negat
718 1548 841 1608 mundo.
884 1545 971 1620 Satis,
986 1544 1091 1622 inquit,
1107 1547 1145 1606 ab
1160 1547 1225 1608 aevi

399 1644 468 1703 Sors
482 1661 551 1704 mea
564 1641 717 1719 principiis
730 1641 786 1702 fuit
799 1639 965 1717 irrequieta,
981 1637 1121 1718 pigetque

401 1739 545 1796 Actorum
559 1734 622 1796 sine
636 1737 696 1796 fine
710 1734 792 1810 mihi,
806 1734 872 1795 sine
885 1733 1009 1806 honore,
1024 1725 1177 1794 laborum

400 1828 536 1903 Quilibet
550 1829 624 1888 alter
637 1839 705 1905 agat
718 1838 872 1905 portantes
885 1825 1000 1887 lumina
1012 1844 1122 1886 currus.

399 1922 430 1982 Si
444 1940 534 1981 nemo
549 1932 603 1995 est,
617 1940 784 1998 omnesque
798 1920 848 1981 dei
862 1939 925 1981 non
939 1937 1029 1997 posse
1043 1919 1180 1992 fatentur,

400 2017 472 2092 Ipse
486 2025 563 2091 agat,
579 2024 611 2074 ut
625 2015 741 2088 saltem,
756 2014 829 2074 dum
842 2024 961 2075 nosuas
976 2021 1071 2073 tentat
1084 2012 1226 2088 habenas,

401 2109 548 2171 Orbatura
561 2119 661 2185 patres
674 2107 837 2184 aliquando
851 2106 977 2168 fulmina
990 2115 1091 2183 ponat

399 2203 479 2261 Tum
494 2201 577 2275 sciet,
591 2200 766 2279 ignipedum
779 2200 856 2262 vires
869 2210 1010 2277 expertus
1023 2210 1176 2275 equorum,

399 2297 429 2354 N
431 2314 472 2355 on
486 2294 630 2355 meruisse
644 2313 759 2368 necem,
776 2294 827 2372 qui
841 2312 903 2355 non
917 2295 997 2354 bene
1010 2290 1117 2353 rexerit
1130 2290 1206 2353 illos

399 2387 486 2447 Talia
500 2388 651 2449 dicentem
664 2388 856 2448 circumstant
869 2385 973 2447 omnia
985 2385 1087 2447 Solem

399 2480 539 2555 Numina,
555 2501 631 2541 neve
644 2480 716 2541 velit
730 2481 869 2541 tenebras
882 2478 1024 2540 iuducere
1037 2479 1136 2553 rebus,

398 2573 539 2650 Supplice
554 2593 628 2634 voce
642 2584 767 2650 rogant3
787 2572 894 2633 missos
908 2591 1029 2650 quoque
1043 2570 1161 2649 Jupiter
1173 2570 1259 2649 ignes
1293 2645 1299 2651 ⁶

400 2668 538 2741 Excusat,
553 2666 752 2743 precibusque
765 2665 862 2726 minus
875 2664 1012 2743 regaliter
1024 2663 1116 2728 addit

399 2758 522 2837 Colligit
536 2769 670 2819 amentes
684 2770 714 2819 et
728 2760 827 2819 adhuc
841 2769 950 2820 terrore
965 2768 1108 2835 paventes

399 2852 540 2913 Phoebus
555 2871 658 2930 equos,
673 2852 853 2929 stimuloque
866 2852 974 2912 dolens
987 2861 1020 2913 et
1031 2852 1154 2912 verbere
1168 2849 1283 2928 saevit3

397 2946 499 3009 Saevit
512 2945 602 3023 enirn,
617 2956 780 3023 natumque
794 2946 928 3023 objectat
940 2956 972 3006 et
985 2944 1112 3022 imputat
1125 2942 1192 3006 illis

480 3050 498 3083 ἃ
639 3049 657 3084 Ι·
797 3048 815 3082 Ι·
957 3047 974 3082 ff
1115 3046 1132 3081 1

763 3388 912 3449 LIBER
941 3387 1017 3448 111.

395 3602 533 3677 Jnnoun
547 3598 621 3660 deus
635 3597 734 3677 posita
746 3597 860 3661 fallacis
873 3597 1002 3677 imagine
1016 3599 1093 3660 tauri

398 3695 440 3753 Se
455 3693 609 3753 consessus
623 3703 693 3767 erat,
710 3692 896 3769 Dictaeaque
909 3711 978 3752 rura
990 3694 1132 3767 tenebat3

397 3787 502 3861 Quum
516 3798 602 3864 pater
614 3786 732 3864 ignarus
745 3795 861 3862 raptam
875 3785 1044 3862 perquirere
1060 3786 1178 3847 Cadmo

397 3882 542 3957 Imperat,
558 3890 588 3942 et
601 3897 739 3957 poenam,
755 3877 857 3938 sinon
871 3877 1025 3955 invenerit,
1041 3878 1126 3942 addit

397 3972 554 4049 Exsilium,
569 3973 649 4034 facto
663 3971 730 4049 pius
743 3982 774 4033 et
788 3971 949 4033 sceleratus
961 3972 1079 4036 eodem

1340 2973 1380 3012 ῃο
