3550 4859
400 538 456 593 226
715 554 740 597 Ρ.
760 554 894 596 vinoun
916 552 1058 596 uanours

397 694 490 754 Haud
503 716 595 771 mora,
611 696 753 758 festinant
766 699 880 771 flentes,
896 717 1037 773 aramque
1051 698 1201 775 sepulchri

396 788 567 865 Congerere
582 792 736 851 arboribus
749 793 896 867 coeloque
910 791 1036 851 educere
1051 801 1174 851 certant

396 882 461 939 Itur
474 882 506 940 in
520 884 671 958 antiquam
686 885 800 957 silvam,
816 885 932 943 stabula
945 885 1006 943 alta
1019 885 1156 959 serarum,

396 975 598 1034 Procumbunt
611 977 722 1052 piceae,
738 987 826 1036 sonat
839 977 899 1036 icta
913 978 1066 1038 securibus
1080 979 1147 1053 ilex,

396 1067 618 1143 Fraxineaeque
632 1070 732 1128 trabes
746 1070 849 1129 cuneis
863 1080 895 1129 et
907 1070 999 1129 fissile
1013 1072 1104 1131 robur

397 1158 554 1233 Scinditur,
570 1162 732 1221 advolvunt
747 1163 883 1240 ingentes
898 1165 1050 1224 montibus
1065 1184 1164 1226 omos.

396 1255 462 1311 Nec
477 1273 538 1312 non
554 1257 673 1314 Aeneas
687 1273 779 1332 opera
792 1256 869 1315 inter
883 1257 955 1316 talia
968 1258 1082 1334 primus

301 1382 303 1385 -
397 1349 543 1406 Hortatur
557 1348 664 1421 socios
680 1349 861 1426 paribusque
875 1350 1040 1428 accingitur
1053 1352 1148 1411 armis.

396 1442 497 1516 Atque
511 1442 586 1500 haec
601 1441 665 1517 ipse
679 1461 734 1501 suo
749 1443 824 1502 tristi
839 1463 908 1503 cum
923 1444 1013 1503 corde
1027 1444 1147 1516 volutat,

396 1534 586 1609 Adspectans
601 1535 706 1594 silvam
721 1535 906 1610 immensam,
921 1546 952 1595 et
966 1536 1009 1595 sic
1023 1555 1097 1596 voce
1112 1547 1269 1613 precatur:

397 1627 429 1686 Si
443 1647 522 1686 nunc
537 1647 570 1687 se
585 1629 672 1687 nobis
686 1630 735 1688 ille
749 1648 854 1689 aureus
868 1630 974 1689 arbore
988 1649 1088 1689 ramus

396 1721 546 1779 Ostendat
560 1740 681 1780 nemore
696 1722 727 1780 in
742 1727 843 1781 tanto!
865 1723 986 1797 quando
1001 1722 1102 1782 omnia
1115 1740 1185 1782 vere
1289 1793 1292 1798 ⁴

397 1816 469 1872 Heu
483 1814 605 1873 nimium
620 1815 658 1874 de
673 1825 702 1874 te
716 1826 808 1888 vates,
826 1816 954 1888 Misene,
970 1816 1068 1875 locuta
1083 1824 1135 1874 est

396 1906 455 1965 Vix
468 1926 505 1966 ea
517 1908 595 1966 fatus
610 1918 681 1979 erat,
696 1908 832 1983 geminae
846 1927 937 1983 quum
952 1908 1027 1966 forte
1042 1908 1198 1967 columbae

397 2001 467 2075 Ipsa
481 2001 536 2058 sub
551 2018 603 2058 ora
613 1999 667 2058 viri
678 2000 763 2059 coelo
776 2019 884 2059 venere
898 2001 1042 2072 volantes,

397 2094 435 2151 Et
448 2092 533 2151 viridi
548 2094 652 2151 sedere
667 2093 741 2151 solo.
785 2095 863 2151 Tum
878 2093 1023 2151 maximus
1039 2094 1127 2152 heros

397 2188 551 2245 Matemas
565 2186 700 2263 agnoscit
710 2204 788 2258 aves,
805 2186 960 2261 laetusque
974 2195 1128 2261 precatur:

397 2281 470 2337 Este
485 2279 586 2352 duces,
602 2298 630 2351 ο,
646 2278 670 2337 si
686 2298 744 2353 qua
757 2278 805 2337 via
819 2289 872 2350 est,
889 2297 1067 2354 cursumque
1081 2298 1135 2355 per
1147 2297 1234 2338 auras

397 2372 523 2448 Dirigite
538 2372 567 2429 in
583 2372 675 2444 lucoS,
691 2371 742 2429 ubi
756 2372 897 2448 pinguem
912 2372 995 2430 dives
1010 2380 1118 2448 opacat

398 2466 511 2523 Ramus
525 2466 655 2522 humum.
699 2466 813 2539 Tuque,
829 2483 857 2537 o,
873 2464 972 2523 dubiis
986 2483 1025 2523 ne
1039 2464 1134 2523 defice
1149 2463 1245 2536 rebus,

397 2557 475 2616 Diva
488 2575 604 2633 parens.
647 2555 695 2615 Sic
709 2558 815 2615 effatus
829 2556 954 2632 vestigia
967 2555 1084 2633 pressit,

397 2652 578 2722 Observans,
595 2669 670 2724 quae
685 2650 771 2726 signa
784 2650 888 2722 ferant,
906 2669 965 2725 quo
981 2650 1103 2708 tendere
1117 2658 1250 2728 pergant.

398 2746 558 2802 Pascentes
572 2742 640 2802 illae
654 2753 769 2802 tantum
784 2743 903 2819 prodire
917 2743 1056 2816 volando,

397 2838 549 2911 Quantum
564 2835 627 2895 acie
641 2846 767 2912 possent
781 2835 859 2895 oculi
873 2854 992 2895 servare
1006 2846 1191 2912 sequentum

358 2951 366 2966 ·
397 2930 475 2989 Inde
490 2929 540 2987 ubi
554 2948 663 2988 venere
677 2929 715 2987 ad
730 2930 830 2988 fauces
843 2928 1042 3006 graveolentis
1056 2927 1178 3002 Averni,

396 3023 520 3082 Tollunt
534 3041 566 3081 se
581 3023 702 3094 celeres,
718 3022 922 3097 liquidumque
937 3040 991 3097 per
1004 3024 1073 3081 aera
1086 3022 1188 3098 lapsae

398 3117 526 3175 Sedibus
541 3115 651 3191 optatis
665 3115 800 3191 geminae
815 3134 905 3191 super
918 3116 1024 3175 arbore
1038 3115 1148 3189 sidunt,

398 3209 537 3267 Discolor
550 3209 630 3267 unde
645 3209 707 3266 auri
722 3227 776 3284 per
789 3227 887 3266 ramos
901 3227 973 3266 aura
985 3207 1108 3268 refulsit.

397 3303 494 3375 Quale
509 3302 586 3361 solet
600 3301 683 3360 silvis
697 3302 823 3360 brumali
837 3301 945 3378 frigore
959 3301 1074 3360 viscum

397 3395 517 3454 Fronde
532 3394 625 3453 virere
640 3413 726 3466 nova,
742 3395 823 3469 quod
838 3413 900 3452 non
914 3413 970 3453 sua
983 3394 1112 3454 seminat
1125 3392 1223 3467 arbos,

398 3491 437 3548 Et
451 3506 557 3547 croceo
572 3488 634 3546 fetu
648 3497 758 3546 teretes
772 3487 957 3547 circumdare
971 3496 1111 3548 truncos:

396 3582 480 3641 Talis
495 3591 558 3640 erat
572 3580 687 3657 species
700 3580 764 3638 auri
777 3579 945 3639 frondentis
958 3598 1054 3656 opaca

397 3676 481 3747 llice,
498 3674 542 3733 sic
556 3673 617 3734 leni
631 3672 796 3749 crepitabat
809 3673 930 3732 bractea
944 3682 1042 3732 vento.

397 3767 527 3844 Corripit
541 3769 660 3825 Aeneas
675 3766 825 3841 extemplo
839 3766 1004 3841 avidusque
1018 3762 1153 3842 refringit

397 3863 605 3932 Cunctantem,
621 3868 652 3919 et
664 3859 740 3918 vatis
754 3868 852 3935 portat
866 3859 922 3917 sub
936 3868 1017 3918 tecta
1032 3858 1172 3935 Sibyllae

438 3956 503 4013 Nec
517 3953 615 4012 minus
628 3951 740 4034 interea
755 3951 905 4038 Misenum
921 3951 950 4010 in
966 3952 1051 4011 litore
1065 3947 1174 4010 Teucri
