3550 4859
692 597 850 643 ultumos
870 597 930 643 ΠΙ.
948 595 969 641 i.

341 750 414 807 Hoc
429 757 572 819 metuens,
589 746 757 821 molemque
771 753 802 805 et
814 753 934 805 montes
943 742 1068 821 ‘insuper
1082 742 1159 804 altos

340 839 497 919 Imposuit,
513 856 671 915 regemque
685 836 777 912 dedit,
792 837 843 915 qui
857 837 977 899 loedere
991 846 1073 897 certo

339 937 380 995 Et
393 951 527 1011 premere
541 941 571 992 et
584 932 666 990 laxas
680 929 767 990 sciret
782 931 852 991 dare
865 932 966 1007 jussus
979 930 1119 991 habenas.

339 1028 389 1087 Ad
405 1045 494 1104 quem
509 1036 572 1085 tum
584 1027 666 1101 Juno
680 1024 806 1101 supplex
818 1022 864 1084 his
878 1022 1002 1083 vocibus
1015 1041 1069 1083 usa
1082 1032 1127 1082 est
1140 1045 1147 1083 :

379 1121 483 1193 Aeole,
499 1137 628 1194 namque
643 1115 697 1177 tibi
711 1116 812 1176 divum
826 1126 912 1194 pater
925 1126 1015 1194 utque
1028 1115 1184 1176 homiuum
1197 1133 1250 1196 rex
1294 1130 1320 1179 ts

338 1215 380 1273 Et
393 1214 522 1272 mulcere
537 1212 620 1272 dedit
634 1210 742 1271 fluctus
756 1220 786 1270 et
799 1210 903 1270 tollere
917 1220 1025 1284 vento,·

337 1309 422 1367 Gens
436 1305 558 1365 inimica
571 1303 643 1363 mihi
657 1304 844 1381 Tyrrhenum
858 1303 978 1379 navigat
991 1321 1110 1379 aequor,

284 1383 293 1395 ’
336 1399 429 1458 Ilium
443 1399 474 1458 in
489 1398 608 1458 Italiam
623 1407 746 1473 portans
759 1395 1074 1473 victosque-Penates:

336 1483 446 1552 Incute
460 1492 521 1551 vim
534 1490 630 1551 ventis
645 1491 872 1566 submersasque
886 1490 979 1550 obrue
993 1509 1117 1568 puppes,

335 1587 401 1644 Aut
415 1605 470 1662 age
484 1583 617 1645 diversos
631 1594 662 1644 et
675 1582 780 1659 disjice
794 1601 920 1660 corpora
935 1593 1038 1660 ponto.

337 1679 416 1738 Sunt
430 1677 504 1737 mihi
517 1676 564 1737 bis
577 1687 693 1753 septem
707 1675 867 1753 praestanti
882 1694 1007 1753 corpore
1022 1676 1188 1753 Nymphae,

333 1771 472 1845 Quarum
487 1789 564 1848 quae
578 1770 674 1830 forma
687 1768 883 1846 pulcherrima
897 1768 1040 1845 Deiopea,

334 1862 500 1925 Connubio
510 1864 634 1943 jungam
649 1861 746 1922 stabili
760 1862 969 1939 propriamque
983 1861 1100 1936 dicabo,

332 1957 452 2018 Omnes
466 1966 499 2016 ut
514 1966 613 2016 tecum
626 1954 737 2015 meritis
752 1974 807 2032 pro
821 1954 929 2015 talibus
944 1973 1038 2015 annos

334 2049 443 2127 Erigat
458 2060 488 2109 et
501 2049 625 2126 pulchra
637 2048 726 2108 faciat
740 2057 770 2107 te
783 2049 867 2125 prole
880 2058 1041 2125 parentem.

377 2143 490 2203 Aeolus
504 2143 579 2202 haec
594 2152 716 2201 contra:
736 2142 828 2215 Tuus,
845 2160 864 2201 o
877 2140 987 2218 regina,
1003 2140 1075 2218 quid
1090 2150 1183 2218 optes,

334 2237 500 2312 Explorate
514 2236 619 2310 labor;
639 2233 712 2294 mihi
723 2235 807 2314 jussa
820 2253 976 2311 capessere
990 2234 1035 2295 fas
1049 2245 1102 2295 est.

333 2331 384 2388 Tu
398 2328 479 2404 mihi,
495 2329 705 2405 quodcumque
718 2329 777 2387 hoc
790 2327 882 2405 regni,
897 2339 930 2388 tu
945 2338 1060 2404 sceptra
1073 2329 1239 2404 Jovemque

334 2422 497 2496 Concilias,
513 2433 546 2481 tu
559 2421 613 2481 das
626 2420 722 2498 epulis
735 2421 911 2481 accumbere
925 2420 1034 2496 divum,

335 2514 574 2591 Nimborumque
587 2514 660 2574 sacis
674 2524 943 2613 tempestatumque
956 2523 1117 2591 potentem.

378 2609 466 2668 Haec
479 2606 531 2667 ubi
545 2607 634 2681 dicta,
650 2626 756 2667 cavum
771 2626 914 2667 conversa
927 2606 1051 2684 cuspide
1065 2618 1198 2668 montem

336 2701 460 2778 Impulit
474 2701 505 2760 iu
518 2701 613 2760 latus:
634 2719 669 2760 ac
683 2700 773 2774 venti,
788 2701 870 2760 velut
883 2700 1000 2777 agmine
1013 2700 1101 2773 sacto,

335 2794 407 2869 Qua
420 2794 490 2854 data
503 2803 597 2870 porta,
612 2803 701 2852 ruunt
715 2803 745 2853 et
758 2804 849 2853 terras
864 2791 981 2854 turbine
994 2793 1128 2870 perfiant

336 2889 504 2947 Incubuere
518 2885 600 2960 mari,
616 2896 771 2962 totumque
785 2905 804 2945 a
817 2886 937 2946 sedibus
951 2885 1017 2945 imis

335 2981 409 3039 Una
423 2982 578 3056 Eurusque
592 2980 750 3056 Notusque
763 2989 852 3040 ruunt
865 2980 1027 3056 creberque
1041 2980 1179 3056 procellis

335 3072 462 3146 Africus,
478 3082 509 3132 et
521 3081 621 3131 vastos
634 3073 759 3131 volvunt
772 3072 811 3132 ad
825 3071 911 3132 litora
924 3071 1038 3132 fluctus.

334 3164 508 3242 Insequitur
521 3166 691 3241 clamorque
705 3164 799 3225 virum
813 3164 979 3241 stridorque
993 3166 1159 3227 rudentum.

334 3256 473 3335 Eripiunt
487 3258 584 3318 subito
598 3259 693 3317 nubes
707 3259 883 3336 coelumque
898 3258 1037 3334 diemque

332 3353 518 3411 Teucrorum
533 3371 570 3411 ex
584 3350 677 3411 oculis
689 3373 698 3426 3
718 3363 814 3429 ponto
828 3370 889 3411 nox
903 3352 1025 3411 incubat
1039 3362 1108 3411 atra

332 3447 498 3505 Intonuere
512 3443 582 3521 poli,
598 3455 629 3504 et
642 3445 752 3505 crebris
765 3445 856 3505 micat
872 3443 990 3522 ignibus
1005 3446 1113 3519 aether,

331 3540 584 3614 Praesentemque
598 3537 668 3596 viris
682 3537 830 3597 intentant
844 3537 946 3597 omnia
959 3548 1092 3597 mortem.

331 3630 494 3707 Extemplo
510 3632 632 3690 Aeneae
647 3632 803 3690 solvuntur
814 3630 920 3707 frigore
935 3631 1088 3704 membra3

330 3723 472 3800 Ingemit,
489 3733 519 3783 et
532 3723 666 3800 duplices
681 3723 808 3783 tendens
822 3724 860 3782 ad
874 3722 972 3782 sidera
988 3724 1102 3799 palmas

329 3816 422 3876 Talia
435 3834 509 3876 voce
523 3818 630 3876 refert:
650 3816 679 3876 0
694 3825 796 3892 terque
810 3825 974 3892 quaterque
987 3816 1076 3889 beati,

328 3909 412 3983 Quis
427 3919 496 3969 ante
510 3927 563 3969 ora
575 3919 691 3987 patrum
705 3909 813 3987 Trojae
827 3900 883 3968 sub
896 3907 1053 3968 moenibus
1067 3909 1134 3969 altis

328 4001 471 4081 Contigit
484 4011 626 4080 oppetere
637 4005 644 4062 l
665 4019 685 4061 ο
700 4002 838 4061 Danaum
851 3998 1008 4061 fortissime
1021 4000 1117 4079 gentis
