3550 4859
264 573 273 583 ·
358 558 359 561 ’
464 579 523 621 aro
780 577 805 619 Ρ.
826 574 960 618 vinoun
982 574 1125 618 unnonrs

465 724 504 781 Et
517 720 590 780 mihi
603 740 679 798 quae
693 718 809 792 fuerint,
821 718 952 799 juvenali
965 719 997 777 in
1011 737 1135 795 corpore
1148 713 1234 791 vites,
1402 707 1446 780 'm

464 813 504 871 Et
517 831 576 887 qua
590 811 712 870 servetis
726 821 895 870 revocatum
910 829 928 869 a
942 818 1037 869 morte
1052 811 1171 868 Dareta

465 904 557 977 Dixit,
573 914 603 964 et
616 904 733 963 adversi
747 913 852 963 contra
864 903 947 962 stetit
960 922 1013 961 ora
1025 902 1152 978 juvenci,

465 996 526 1071 Qui
540 997 652 1055 donum
666 996 803 1055 adstabat
816 1015 943 1073 pugnae,
959 996 1107 1071 durosque
1121 995 1244 1054 reducta

466 1089 597 1149 Libravit
611 1090 716 1149 dextra
729 1089 828 1149 media
842 1088 920 1148 inter
933 1107 1045 1147 cornua
1058 1081 1184 1161 caestus,

467 1183 596 1256 Arduus,
612 1182 792 1257 effractoque
807 1181 894 1240 illisit
904 1180 934 1239 in
949 1200 1019 1240 ossa
1033 1183 1163 1241 cerebro.
1407 1197 1457 1246 ano·

467 1276 614 1335 Sternitur
627 1274 830 1351 exanimisque
845 1283 974 1333 tremens
988 1275 1155 1351 procumbit
1168 1274 1250 1333 humi
1264 1274 1328 1334 bos.
1357 1325 1359 1329 ,

466 1368 523 1427 Ille
538 1386 627 1444 super
640 1368 714 1426 tales
728 1366 852 1425 effundit
862 1365 987 1444 ‘pectore
1001 1385 1108 1426 voces:

467 1462 558 1519 Hanc
572 1460 635 1538 tibi,
652 1461 737 1538 Eryx,
752 1459 906 1519 meliorem
920 1460 1048 1518 animam
1062 1479 1117 1536 pro
1131 1469 1226 1519 morte
1240 1459 1362 1519 Daretis

466 1554 609 1612 Persolvo
619 1574 628 1626 3
648 1551 697 1611 hic
710 1551 805 1611 victor
818 1562 937 1611 caestus
951 1562 1103 1629 artemque
1116 1572 1238 1629 repono.

417 1646 421 1655 '
507 1644 647 1704 Protinus
662 1646 783 1704 Aeneas
797 1645 887 1705 celeri
902 1655 1013 1704 certare
1028 1644 1135 1723 sagitta
1407 1660 1449 1710 ὡς

467 1738 579 1797 Invitat
593 1737 644 1814 qui
658 1737 734 1797 sorte
747 1738 848 1811 velint,
863 1748 895 1797 et
909 1738 1040 1814 praemia
1053 1734 1146 1815 ponit,

467 1830 648 1908 Ingentique
662 1850 752 1889 mann
766 1832 875 1891 malum
889 1831 927 1890 de
942 1850 1018 1889 nave
1033 1831 1143 1905 Seresti

468 1923 570 2001 Erigit,
586 1933 617 1983 et
629 1924 780 1983 volucrem
794 1926 917 2000 trajecto
931 1924 962 1982 in
977 1925 1047 1983 fune
1061 1924 1239 1998 columbam,

467 2018 538 2091 Quo
552 2017 678 2076 tendant
692 2017 809 2089 ferrum,
824 2017 904 2077 malo
919 2017 1127 2093 suspendit'ab
1141 2018 1212 2077 alto:

468 2112 646 2171 Convenere
660 2110 724 2183 viri,
741 2110 948 2186 dejectamque
963 2129 1051 2170 aerea
1064 2112 1176 2171 Sortem

469 2204 598 2281 Accepit
610 2204 696 2281 galea
708 2225 717 2278 ;
738 2213 768 2263 et
781 2204 895 2280 primus
909 2205 1038 2263 clamore
1052 2203 1187 2263 secundo

470 2296 653 2374 Hyrtacidae
668 2307 738 2356 ante
751 2316 857 2355 omnes
872 2297 933 2356 exit
947 2297 1031 2356 locus
1046 2295 1289 2374 Hippocoontis;

468 2390 568 2464 Quem
583 2390 674 2449 modo
688 2390 786 2448 navali
801 2391 979 2449 Mnestheus
993 2389 1155 2449 certamine
1168 2388 1274 2449 victor·

469 2482 680 2559 Consequitur,
693 2481 781 2541 viridi
796 2484 974 2542 Mnestheus
988 2483 1121 2541 evinctus
1135 2482 1222 2541 oliVa.

398 2655 401 2659 Α
468 2575 587 2635 Tertius
602 2563 761 2654 Eurytion,
769 2585 845 2648 tuus,
861 2594 881 2634 ο
895 2574 1065 2649 clarissime,
1081 2576 1177 2649 irater,

469 2669 616 2741 Pandare,
632 2668 683 2745 qui
698 2669 858 2744 quondam,
871 2670 971 2744 jussus
985 2668 1167 2728 confundere
1181 2667 1296 2743 foedus,

469 2763 507 2821 In
522 2762 638 2821 medios
651 2761 743 2820 telum
757 2760 868 2821 torsisti
881 2762 995 2838 primns
1008 2762 1149 2822 Achivos.

469 2857 626 2913 Extremus
640 2854 785 2931 galeaque
800 2854 859 2913 ima
873 2854 1010 2914 subsedit
1024 2856 1159 2929 Acestes,

469 2950 570 3006 Ausus
584 2956 615 3005 et
629 2946 693 3023 ipse
707 2965 797 3005 manu
809 2948 950 3023 juvenum
965 2958 1080 3007 tentare
1093 2948 1236 3008 laborem.

468 3041 548 3098 Tum
562 3027 669 3098 validis
682 3039 776 3099 flexos
789 3040 944 3099 incurvant
957 3040 1067 3100 viribus
1081 3059 1168 3100 arcus

470 3134 529 3192 Pro
543 3151 576 3191 se
591 3132 718 3208 quisque
731 3132 795 3205 viri,
811 3142 841 3191 et
854 3133 1034 3209 depromunt
1048 3134 1108 3193 tela
1121 3133 1276 3210 pharetris.
1305 3175 1307 3179 =

470 3225 629 3301 Primaque
643 3244 697 3302 per
709 3226 826 3285 coelum
841 3244 933 3286 nervo
947 3227 1090 3286 stridente
1105 3227 1215 3305 sagitta

471 3318 655 3397 Hyrtacidae
668 3318 784 3397 juvenis
798 3320 934 3379 volucres
948 3320 1115 3379 diverberat
1128 3338 1236 3396 auras;

470 3414 510 3470 Et
523 3412 613 3485 venit,
629 3412 804 3488 adversique
818 3412 949 3490 infigitur
962 3413 1067 3473 arbore
1080 3411 1158 3471 mali

470 3504 628 3565 Intremuit
642 3505 746 3577 malus,
761 3505 917 3581 timuitque
932 3506 1071 3565 exterrita
1084 3504 1192 3584 pennis

470 3598 553 3670 Ales,
569 3608 599 3657 et
613 3597 726 3675 ingenti
740 3608 904 3658 sonuerunt
917 3600 1018 3659 omnia
1031 3600 1144 3676 plausu.

470 3693 543 3751 Post
556 3709 625 3749 acer
640 3692 818 3751 Mnestheus
830 3692 962 3751 adducto
976 3691 1109 3752 constitit
1122 3710 1200 3765 arcu,
1270 3696 1272 3698 ’

471 3784 543 3843 Alta
556 3794 671 3861 petens,
686 3784 854 3861 pariterque
867 3786 971 3844 oculos
985 3786 1137 3861 telumque
1150 3783 1286 3846 tetendit
1388 3801 1391 3806 ’

469 3879 528 3936 Ast
542 3877 637 3953 ipsam
651 3876 838 3937 miserandus
851 3896 937 3938 avem
951 3879 1124 3957 contingere
1138 3879 1217 3939 ferro

471 3971 542 4030 Non
556 3968 647 4029 valuit
653 3990 663 4043 ;
682 3970 780 4032 nodos
793 3979 825 4030 et
836 3970 957 4031 vincula
969 3971 1049 4039 linea
1062 3972 1149 4050 rupit,
