3550 4859
745 571 1073 619 Ammak-

396 720 540 798 Euryalus
555 719 650 779 forma
659 716 788 796 vinsignis
800 718 946 797 viridique
958 721 1089 800 juventa,

396 813 487 872 Nisus
502 831 602 872 amore
617 811 668 889 pio
682 812 765 889 pueri
777 834 786 886 ;
806 832 882 890 quos
896 813 1007 874 duride
1021 824 1145 875 secutus¹

396 907 510 983 Regius
525 905 642 983 egregia
657 905 765 964 Priami
779 906 818 965 de
833 905 924 984 stirpe
940 906 1067 981 Diores5

398 1001 490 1059 Hunc
507 998 604 1061 Salius
619 998 750 1058 simulet
765 1001 883 1073 Patron,
900 1018 1028 1075 quorum
1039 1001 1114 1061 alter
1128 1002 1276 1077 Acarnan,
1294 1055 1298 1060 .

398 1093 483 1152 Alter
497 1094 535 1152 ab
550 1091 681 1151 Arcadio
696 1094 851 1168 Tegeaeae
865 1091 1010 1168 sanguine
1023 1092 1122 1171 gentis
1129 1116 1139 1170 ,-

396 1187 474 1244 Tum
489 1186 550 1245 duo
564 1185 709 1244 Trinacrii
722 1186 855 1261 juvenes,
872 1186 1022 1262 Helymus
1037 1187 1244 1265 Panopesque,

398 1278 523 1339 Adsueti
538 1278 626 1352 silvis,
642 1278 768 1338 comites
782 1277 910 1338 senioris
925 1281 1054 1339 Acestae
1066 1299 1076 1353 3

398 1370 488 1430 Multi
503 1383 663 1449 praeterea,
679 1390 755 1448 quos
768 1372 848 1431 fama
861 1371 989 1431 obscura
1002 1372 1146 1434 recondit

398 1467 516 1525 Aeneas
532 1464 640 1542 quibus
653 1464 685 1524 in
698 1465 806 1525 mediis
820 1464 863 1525 sic
877 1464 988 1525 deinde
1003 1465 1138 1547 locutus:
1217 1529 1219 1535 ,

398 1557 535 1636 Accipite
550 1560 625 1619 haec
639 1558 754 1632 animis,
770 1560 922 1635 laetasque
936 1558 1079 1621 advertite
1093 1570 1227 1621 mentes:

398 1654 496 1712 Nemo
511 1672 549 1712 ex
562 1653 620 1713 hoc
634 1671 759 1712 numero
772 1652 845 1711 mihi
859 1670 922 1711 non
936 1652 1065 1712 donatus
1080 1652 1181 1715 abibit

398 1744 511 1806 Gnosia
525 1745 598 1828 bina
611 1746 691 1806 dabo
706 1747 804 1806 levato
818 1746 919 1805 lucida
933 1747 1009 1806 ferro

397 1838 516 1915 Spicula
530 1840 735 1916 caelatamque
750 1851 872 1916 argento
885 1840 960 1899 ferre
974 1838 1155 1916 bipennem3

398 1931 545 1993 Omnibus
557 1932 605 1992 hic
620 1932 675 1993 erit
688 1952 765 1992 unus
778 1934 884 1993 honos.
927 1935 1001 1993 Tres
1014 1932 1146 2010 praemia
1158 1933 1245 2011 primi

399 2024 565 2103 Accipient,
581 2026 717 2103 flavaque
731 2037 822 2103 caput
835 2037 991 2087 nectentur
1004 2026 1090 2086 oliva

399 2118 513 2179 Primus
528 2138 637 2196 equum
651 2120 779 2198 phaleris
793 2118 940 2197 insignem
954 2120 1049 2180 victor
1062 2121 1173 2181 habeto
1186 2143 1196 2195 ;

399 2212 482 2272 Alter
497 2214 693 2273 Amazoniam
707 2214 874 2290 pharetram
888 2215 1068 2291 plenamque
1082 2214 1198 2293 sagittis
1263 2258 1265 2262 «

398 2305 552 2380 Threiciis,
570 2307 631 2366 lato
645 2326 734 2383 quam
749 2306 999 2385 circumplectitur
1010 2326 1084 2368 auro

399 2398 526 2473 Balteus,
542 2410 573 2459 et
586 2399 836 2460 teretisubnectit
849 2401 942 2460 fibula
955 2420 1093 2477 gemma3

398 2490 515 2551 Tertius
529 2492 670 2569 Argolica
683 2493 740 2552 hac
753 2493 840 2571 galea
853 2504 1012 2554 contentus
1024 2494 1115 2555 abito.

400 2585 486 2644 Haec
500 2583 551 2643 ubi
566 2584 654 2659 dicta,
670 2587 768 2645 locum
783 2586 914 2663 capiunt,
930 2587 1075 2664 signoque
1088 2597 1211 2666 repente

400 2678 570 2755 Corripiunt
584 2681 679 2756 spatia
693 2680 804 2755 audito,
820 2680 970 2759 limenque
984 2682 1162 2759 relinquunt,

400 2771 491 2829 Effusi
506 2771 609 2831 nimbo
623 2773 743 2847 similes,
759 2774 844 2834 simul
858 2774 964 2834 ultima
977 2775 1102 2853 signant.

400 2863 514 2923 Primus
529 2863 590 2925 abit
605 2866 752 2944 longeque
767 2879 836 2928 ante
850 2867 952 2927 omnia
965 2887 1091 2945 corpora
1104 2867 1197 2929 Nisus

400 2956 521 3031 Emicat,
538 2969 568 3018 et
581 2960 677 3019 ventis
691 2971 721 3020 et
735 2959 865 3019 fulminis
878 2960 963 3020 ocior
976 2959 1049 3033 alis;

399 3049 552 3109 Proximus
566 3051 643 3125 huic,
659 3053 750 3130 longo
764 3054 816 3113 sed
831 3053 984 3130 proximus
997 3053 1160 3129 intervallo,

399 3143 569 3220 Insequitur
583 3144 697 3221 Salius;
718 3147 816 3224 spatio
829 3158 899 3225 post
912 3147 1023 3208 deinde
1036 3149 1138 3209 relicto

397 3236 515 3339 Tertius
532 3240 709 3316 Euryalus}-

399 3331 616 3408 Euryalumque
633 3334 780 3411 Helymus
794 3333 945 3410 sequitur;
965 3353 1026 3411 quo
1040 3334 1150 3395 deinde
1164 3337 1220 3397 sub
1234 3335 1301 3415 ipso

398 3423 475 3483 Ecce
490 3425 571 3484 volat
586 3428 757 3503 calcemque
771 3427 839 3487 terit
850 3429 912 3504 jam
926 3429 1008 3488 calce
1023 3428 1140 3501 DioreS,
1248 3444 1250 3449 ·

398 3519 579 3578 Incumbens
593 3520 737 3593 humer03
757 3521 854 3597 spatia
867 3533 898 3581 et
912 3521 937 3581 si
950 3523 1037 3599 plura
1049 3522 1205 3598 supersint,
1338 3553 1375 3593 μς

397 3612 542 3671 Transeat
557 3614 675 3690 elapsus
689 3615 776 3690 prior,
793 3614 1024 3691 ambiguumque
1037 3616 1192 3693 relinquat

396 3705 523 3781 Jamque
538 3706 599 3765 lere
613 3706 710 3782 spatio
724 3717 855 3767 extremo
869 3708 999 3783 fessique
1013 3710 1068 3767 sub
1082 3709 1178 3784 ipsam

383 3796 501 3856 Finem
516 3799 726 3873 adventabant,
742 3800 800 3860 levi
815 3820 907 3877 quum
922 3802 1065 3879 sanguine
1080 3801 1173 3861 Nisus

397 3891 520 3951 Labitur
533 3892 642 3965 infelix,
655 3894 750 3952 caesis
764 3903 797 3953 ut
811 3894 887 3953 forte
900 3894 1038 3970 juvencis

397 3985 491 4046 Fusus
505 3985 629 4045 humum
642 3986 810 4064 viridesque
825 4005 918 4065 super¹
929 3988 1128 4048 madefecerat
1134 3987 1256 4049 herbas
1335 4016 1375 4057 aro
