3550 4859
691 585 849 631 nannoos
869 585 928 630 um
949 585 978 631 r.
1268 590 1324 647 209

345 735 412 807 llle,
428 732 508 792 velut
522 731 633 792 celsam
646 742 800 811 oppugnat
813 731 864 808 qui
878 731 1007 791 molibus
1020 730 1134 804 urbem,

346 830 409 886 Aut
422 835 566 885 montana
579 825 664 884 sedet
677 826 788 885 circum
802 825 926 885 castella
940 825 996 883 sub
1010 822 1109 896 annis,
1289 846 1334 886 uo-

347 922 437 978 Nunc
451 920 514 991 hos,
530 936 610 977 nunc
624 917 693 977 illos
707 918 815 990 aditus,
830 936 1010 993 omnemque
1023 924 1156 993 pererrat

347 1015 421 1072 Arte
436 1012 543 1084 locum,
558 1020 590 1069 et
603 1010 692 1069 variis
706 1010 872 1069 adsultibus
886 1008 984 1069 irritus
998 1018 1110 1085 urguet

347 1104 490 1165 Ostendit
503 1104 637 1163 dextram
651 1103 808 1181 insurgens
824 1103 959 1162 Entellus
973 1113 1004 1162 et
1018 1103 1077 1161 alte

348 1197 480 1257 Extulit:
501 1197 551 1255 ille
565 1197 657 1256 ictum
671 1196 841 1256 venientem
855 1215 874 1254 a
887 1196 998 1254 vertice
1012 1196 1100 1254 velox

349 1289 506 1362 Praevidit,
520 1290 669 1365 celerique
684 1290 804 1366 elapsus
818 1306 943 1363 corpore
957 1287 1048 1347 cessit
1062 1310 1068 1347 :

348 1384 484 1442 Entellus
498 1382 576 1442 vires
590 1381 621 1440 in
635 1392 757 1442 ventum
771 1380 882 1454 effudit,
900 1390 931 1440 et
944 1381 1021 1439 ultro

348 1476 420 1549 lpse
433 1472 531 1551 gravis
545 1473 732 1551 graviterque
747 1473 786 1532 ad
799 1482 909 1531 terram
924 1471 1057 1547 pondere
1071 1480 1158 1530 vasto
1212 1549 1216 1555 Ι

347 1566 509 1626 Concidit:
528 1576 562 1625 ut
576 1566 728 1641 quondam
742 1584 816 1624 cava
829 1563 962 1623 concidit
976 1573 1026 1622 aut
1040 1563 1233 1641 Erymanth0,

347 1662 410 1719 Aut
424 1660 481 1719 Ida
495 1660 526 1718 in
541 1657 822 1738 magna-radicibus
836 1666 921 1716 eruta
934 1656 1031 1733 pinus.

346 1755 541 1831 Consurgunt
555 1752 661 1812 studiis
674 1751 783 1810 Teucri
796 1762 827 1810 et
840 1749 996 1809 Trinacria
1009 1749 1104 1825 pubes
1114 1770 1124 1824 3

346 1849 377 1906 It
391 1848 504 1906 clamor
517 1848 611 1918 coelo,
627 1845 797 1922 primusque
811 1843 937 1903 accurrit
952 1844 1088 1914 Acestes,

344 1943 599 2016 Aequaevumque
613 1938 652 1997 ab
666 1939 761 1997 humo
775 1936 920 1996 miserans
934 1935 1042 1996 attollit
1055 1934 1191 1994 amicum.

346 2036 391 2093 At
403 2052 465 2092 non
479 2033 612 2093 tardatus
626 2050 698 2091 casu
712 2049 813 2107 neque
827 2031 947 2090 territus
961 2030 1048 2088 heros
1121 2060 1123 2063 ⁴

345 2126 454 2186 Acrior
467 2126 506 2185 ad
519 2143 649 2203 pugnam
664 2124 749 2197 redit,
765 2142 801 2183 ac
815 2123 874 2182 vim
889 2122 1012 2183 suscitat
1026 2121 1076 2180 ira

345 2221 425 2278 Tum
439 2219 536 2295 pudor
548 2217 682 2277 incendit
696 2217 773 2276 vires
787 2227 817 2276 et
831 2216 953 2276 conscia
967 2216 1066 2287 virtus,

346 2311 604 2388 Praecipitemque
620 2311 721 2369 Daren
735 2310 847 2369 ardens
861 2308 923 2387 agit
937 2326 1066 2384 aequore
1081 2317 1154 2379 t0t0,

346 2406 437 2473 Nunc
452 2405 555 2464 dextra
568 2402 756 2481 ingeminans
771 2402 857 2476 ictus,
873 2420 954 2461 nunc
968 2402 1018 2461 ille
1032 2401 1169 2473 sinistra;

346 2498 415 2557 Nec
428 2516 520 2569 mora,
535 2515 592 2555 nec
606 2495 744 2571 requies:
764 2514 854 2571 quam
869 2495 970 2553 multa
975 2493 1120 2572 grandine
1135 2490 1227 2553 nir'nbi

346 2589 537 2651 Culminibus
550 2588 704 2665 crepitant,
720 2587 763 2647 sic
777 2587 880 2647 densis
893 2587 1003 2646 >ictibus
1017 2580 1105 2646 h'eros

348 2680 461 2741 Creber
473 2692 598 2757 utraque
613 2699 705 2740 rnanu
718 2681 819 2757 pulsat
832 2682 1124 2763 uersatqueDareta.
1215 2690 1230 2709 ³

346 2776 427 2833 Tum
440 2785 524 2851 pater
539 2777 657 2833 Aeneas
671 2773 834 2849 procedere
849 2773 967 2851 longius
981 2772 1049 2832 iras⁴

349 2868 388 2926 Et
403 2868 514 2927 saevire
528 2865 635 2926 animis
650 2866 801 2925 Entellum
817 2865 898 2925 haud
913 2884 1020 2942 passus
1034 2863 1148 2925 acerbis
1159 2887 1177 2940 ;.

350 2961 411 3020 Sed
425 2960 515 3019 finem
530 2958 670 3035 imposuit
684 2976 811 3036 pugnae,
826 2958 999 3034 fessumque
1013 2959 1125 3018 Dareta

349 3052 473 3130 Eripuit,
489 3053 624 3111 mulcens
638 3050 736 3123 dictis,
750 3069 787 3110 ac
800 3050 872 3110 talia
884 3051 979 3111 latur:

349 3146 466 3219 Infelix,
482 3150 559 3222 qua'e
572 3154 657 3204 tanta
670 3142 802 3203 animum
816 3144 967 3203 dementia
980 3142 1082 3220 cepit?

349 3240 420 3298 Non
434 3239 512 3298 vires
526 3238 600 3297 alias
614 3254 817 3312 conversaque
831 3236 953 3296 numina
966 3237 1082 3296 sentis?

350 3332 434 3391 Cede
448 3332 515 3391 deo.
556 3330 702 3406 Dixitque
715 3339 747 3389 et
760 3330 873 3406 proelia
886 3348 961 3389 voce
975 3329 1100 3389 diremit.

349 3425 408 3484 Ast
421 3423 504 3503 illum
517 3424 571 3483 fidi
585 3425 734 3499 aequales,
749 3441 848 3501 genua
860 3441 950 3500 aegra
963 3423 1140 3496 trahentem,
1179 3491 1182 3498 ,

346 3512 576 3594 Jactantemque
589 3524 716 3592 utroque
729 3526 828 3593 caput,
843 3535 1035 3592 crassumque
1049 3525 1186 3577 cruorem

347 3612 411 3671 Ore
424 3611 603 3686 eiectantem
617 3609 784 3686 mixtosque
798 3610 829 3668 in
843 3609 989 3687 sanguine
1003 3609 1118 3682 dentes,

347 3704 471 3762 Ducunt
485 3703 523 3761 ad
539 3721 650 3775 naves;
669 3702 846 3779 galeamque
860 3719 1023 3778 ensemque
1037 3701 1136 3762 vocati

345 3793 528 3871 Accipiunt;
547 3795 677 3872 palmam
693 3795 813 3855 Entello
827 3804 1003 3871 taurumque
1017 3795 1197 3872 relinquunt
1282 3805 1285 3812 ’
1302 3807 1303 3812 ’

347 3888 412 3947 Hic
426 3887 527 3961 victor,
544 3905 688 3963 superans
703 3885 809 3946 animis
823 3896 966 3963 tauroque
981 3888 1145 3964 superbus:

346 3982 429 4041 Nate
442 3980 507 4056 dea,
523 3998 637 4056 vosque
651 3980 734 4054 haec,
749 3979 854 4057 inquit,
869 3979 1052 4059 cognoscite,
1067 3980 1186 4056 Teucri,
1292 3994 1294 3997 ·

630 4098 655 4136 ¹⁴
