3550 4859
396 562 435 619 66
713 574 738 618 r.
758 574 891 617 vrnorrrr
914 574 1056 618 uanours
1091 633 1095 646 ¹

822 731 947 769 armus.

397 802 521 875 Urbem,
536 819 626 877 quarn
640 799 743 861 dicunt
757 802 896 875 Romam,
914 800 1075 874 Meliboee,
1091 799 1192 877 putavi

398 895 510 955 Stultus
522 912 580 971 ego
594 893 664 953 huic
677 904 796 954 nostrae
810 892 944 967 similem,
960 913 1020 978 quo
1035 912 1124 976 saepe
1135 894 1270 980 ¹solemus

398 990 535 1048 Pastoret
549 983 649 1047 ouium
662 996 781 1047 teneros
794 985 944 1063 depellere
958 983 1043 1048 leurs.
1058 1025 1062 1032 -
1137 977 1146 1058 ξ
1247 1053 1251 1064 ,

399 1080 448 1141 Sic
462 1079 585 1141 canibus
599 1080 712 1138 catulos
727 1079 844 1153 similes,
861 1079 904 1140 sic
917 1080 1059 1140 matribus
1072 1079 1186 1141 haedos

398 1177 519 1247 Noram,
535 1171 577 1232 sic
590 1171 687 1250 parvis
701 1191 881 1252 componere
897 1192 1004 1252 magna
1018 1174 1160 1234 solebam.

397 1270 509 1327 Verum
523 1266 598 1325 haec
611 1275 726 1324 tanturn
740 1263 812 1324 alias
826 1264 903 1325 inter
916 1276 1006 1343 caput
1020 1263 1123 1326 extulit
1136 1267 1234 1342 urbes,
1351 1295 1376 1333 ις

398 1360 551 1434 Quantum
564 1360 645 1418 lenta
658 1360 755 1418 solent
769 1357 846 1418 inter
859 1358 985 1419 viburna
998 1358 1137 1436 cupressi.

787 1483 951 1521 MELIBOEUS.

399 1552 437 1610 Et
451 1570 527 1627 quae
540 1560 624 1610 tanta
637 1548 691 1608 luit
706 1550 834 1610 Romam
848 1548 903 1638 tibi
917 1568 1022 1622 caussa
1034 1547 1177 1610 videndi?

809 1672 935 1709 TITYRUS.

398 1739 553 1814 Libertas3
574 1757 650 1815 quae
665 1756 737 1811 sera,
753 1748 852 1798 tamen
866 1737 996 1816 respexit
1010 1738 1142 1812 inertem,

400 1831 566 1893 Candidior
579 1841 737 1908 postquam
752 1830 888 1891 tondenti
901 1831 995 1891 barba
1008 1831 1155 1906 cadebat3

399 1924 542 2002 Respexit
556 1934 664 1997 tamen,
680 1934 710 1984 et
723 1924 814 2001 longo
827 1933 897 2001 post
910 1934 1045 2001 tempore
1057 1923 1147 1997 venit,
1353 1952 1380 1990 20

398 2019 561 2094 Postquam
574 2035 630 2076 nos
645 2017 802 2096 Amaryllis
815 2017 915 2091 habet,
931 2017 1057 2080 Galatea
1070 2015 1194 2093 reliquit

399 2113 545 2188 Namque,
560 2110 677 2170 fatebor
689 2109 778 2185 enim,
793 2111 865 2171 dum
878 2129 927 2172 me
941 2111 1068 2172 Galatea
1081 2112 1212 2184 tenebat,

399 2206 464 2264 Nec
479 2223 547 2280 spes
560 2203 703 2264 libertatis
716 2213 786 2277 erat,
802 2222 859 2264 nec
872 2221 944 2264 cura
956 2203 1063 2281 peculi

398 2298 543 2372 Quamvis
557 2298 650 2356 multa
662 2296 737 2357 meis
750 2296 842 2358 exiret
854 2296 975 2358 victima
988 2296 1108 2375 saeptis,

399 2391 520 2469 Pinguis
534 2390 709 2468 etingr'atae
722 2401 904 2467 premeretur
916 2409 1020 2452 caseus
1035 2389 1109 2465 urbi,
1352 2416 1379 2457 as

381 2491 383 2497 '
399 2487 470 2545 Non
484 2504 625 2562 umquam
638 2482 734 2561 gravis
748 2501 816 2543 aere
830 2484 953 2550 domurn
966 2482 1039 2543 mihi
1053 2484 1158 2544 dextra
1170 2480 1294 2544 redibat

802 2605 967 2644 neruosus.

398 2672 538 2759 Mirabar,
554 2670 625 2750 quid
640 2681 755 2732 maesta
768 2671 851 2745 deos,
866 2671 1019 2750 Amarylli,
1033 2690 1165 2747 vocares,

398 2766 456 2828 Cui
469 2766 600 2845 pendere
614 2783 667 2825 sua
679 2765 821 2842 patereris
833 2763 863 2824 in
878 2765 985 2826 arbore
999 2783 1107 2843 poma:

397 2859 515 2939 Tityrus
528 2860 597 2918 hinc
612 2858 721 2918 aberat
764 2859 853 2935 Ipsae
866 2868 905 2933 te,
919 2856 1031 2936 Tityre,
1045 2857 1143 2935 pinus,

398 2952 462 3029 Ipsi
476 2963 506 3012 te
519 2952 625 3026 sontes,
641 2950 707 3029 ipsa
718 2951 793 3011 haec
807 2951 927 3012 arbusta
939 2951 1097 3013 vocabant
1350 2977 1380 3018 eo

815 3073 942 3115 muros

398 3142 480 3220 Quid
493 3144 639 3204 facerem?
659 3160 756 3218 neque
772 3139 891 3202 servitio
904 3160 954 3202 me
966 3140 1046 3202 exire
1059 3140 1177 3216 licebat,

398 3239 464 3297 Nec
475 3246 536 3296 tam
548 3245 720 3313 praesentes
734 3232 806 3294 alibi
819 3251 1000 3311 cognoscere
1014 3234 1108 3296 divos

398 3330 460 3392 Hic
474 3329 556 3389 illum
569 3327 631 3389 vidi
642 3329 792 3406 juvenem,
808 3326 971 3402 Meliboee,
986 3326 1160 3406 quotannis

397 3424 448 3484 Bis
462 3439 550 3483 senos
564 3422 612 3482 cui
626 3431 727 3482 nostra
740 3420 804 3481 dies
818 3419 922 3481 altaria
934 3422 1057 3481 firmant
1141 3405 1149 3423 ’

398 3516 460 3577 Hic
474 3516 547 3576 mihi
559 3532 734 3593 responsum
746 3512 858 3591 primus
871 3513 956 3574 dedit
968 3513 1019 3575 ille
1032 3511 1165 3592 petenti:
1350 3540 1378 3582 aa
1464 3535 1469 3542 ·

397 3610 523 3685 Pascite,
537 3618 571 3669 ut
584 3617 661 3683 ante,
676 3608 778 3681 boves,
792 3606 885 3688 pueri,
901 3605 1063 3670 submittite
1077 3617 1186 3670 tatros.

801 3729 966 3770 naamros

369 3851 373 3865 .,
397 3803 558 3861 Fortunate
573 3817 673 3872 senex,
688 3814 760 3876 ergo
773 3806 824 3855 tua
837 3813 905 3855 rura
916 3796 1089 3870 manebunt,

398 3896 437 3953 Et
447 3892 501 3953 tibi
514 3910 623 3969 magna
635 3889 714 3964 satia,
730 3886 864 3966 quamvis
877 3887 953 3966 lapis
967 3887 1068 3950 omnia
1081 3888 1179 3950 nudus

398 3985 580 4064 Limosoque
593 3984 678 4062 palus
692 3982 822 4044 obducat
835 4000 947 4061 pascua
957 3983 1067 4063 Juncol
