3550 4859
671 560 830 604 Aruernos
851 560 912 603 un.
929 560 968 605 Vl.

331 707 514 767 Auricomos'
523 709 613 783 quarn
626 706 678 783 qui
692 705 874 783 decerpserit
886 705 993 766 arbore
1007 704 1093 765 fetua

332 805 405 861 Hoc
420 801 478 861 sibi
491 800 617 877 pulchra
630 819 717 859 suum
730 800 800 859 ferri
814 798 994 877 Proserpina
1006 817 1116 859 munus

332 894 474 954 Instituit
518 892 619 951 Primo
631 893 735 953 avulso
749 912 812 953 non
825 890 927 952 deficit
940 892 1016 966 alter

332 992 459 1061 Aureus,
475 997 505 1047 et
519 986 610 1046 simili
623 986 786 1046 frondescit
799 986 882 1064 virga
895 987 1025 1046 metallo.

332 1084 415 1160 Ergo
429 1082 489 1140 alte
503 1080 618 1158 vestiga
631 1080 735 1153 oculis,
750 1089 782 1139 et
794 1078 850 1139 rite
863 1090 1013 1156 repertum
1279 1102 1314 1141 us

333 1178 433 1251 Carpe
447 1193 557 1247 manu3
578 1191 709 1248 namque
723 1173 788 1249 ipse
801 1173 907 1233 volens
921 1172 1076 1249 facilisque
1090 1179 1238 1249 sequetur,

332 1268 365 1328 Si
379 1279 409 1327 te
423 1267 483 1326 sata
497 1278 626 1340 vocant;
644 1266 731 1325 aliter
745 1285 806 1324 non
820 1265 932 1325 viribus
946 1266 1015 1325 ullis

332 1361 472 1432 Vincere,
488 1378 544 1418 nec
559 1360 633 1418 duro
647 1359 759 1436 poteris
774 1359 943 1418 convellere
957 1358 1042 1417 serro.

336 1456 493 1513 Praeterea
504 1454 585 1529 jacet
599 1452 768 1512 exanimum
783 1451 837 1510 tibi
851 1470 958 1527 corpus
972 1450 1109 1511 amici-

335 1550 407 1607 Heu
421 1547 568 1606 nescis-
576 1555 729 1621 totamque
745 1545 870 1604 incestat
883 1545 986 1604 funere
1000 1546 1134 1617 classem,
1280 1572 1316 1609 ¹50

335 1642 416 1698 Dum
431 1640 567 1699 consulta
580 1639 657 1715 petis
671 1650 834 1714 nostroque
849 1637 880 1696 in
894 1636 995 1697 limine
1010 1638 1134 1714 pendes.

333 1734 461 1793 Sedibus
477 1735 556 1791 huuc
571 1732 730 1792 reserante
744 1732 805 1791 suis
819 1741 850 1791 et
862 1732 961 1791 conde
975 1731 1141 1807 sepulchrO.

334 1828 403 1885 Duc
418 1826 516 1903 nigras
530 1826 662 1902 pecudes
673 1847 682 1899 ;
702 1844 739 1884 ea
752 1824 847 1901 prima
860 1824 979 1900 piacula
992 1834 1089 1884 sunto.

334 1920 385 1979 Sic
400 1922 520 1980 demum
535 1920 619 1978 lucos
634 1919 733 1996 Stygis
746 1929 779 1978 et
792 1938 884 1996 regna
897 1918 977 1977 invia
990 1917 1064 1977 vivis

334 2013 501 2090 Adspicies.
545 2012 636 2085 Dixit,
652 2031 814 2089 pressoque
829 2010 978 2071 obmutuit
992 2030 1052 2071 ore.

375 2110 495 2166 Aeneas
508 2117 624 2165 maesto
638 2105 753 2165 defixus
768 2105 882 2164 lumina
894 2106 978 2164 vultu

334 2200 511 2277 ingreditur,
526 2199 664 2275 linquens
679 2210 803 2271 mitium,
819 2216 986 2273 caecosque
1000 2198 1115 2257 volutat

333 2294 467 2352 Eventus
481 2291 582 2352 animo
596 2311 706 2351 secum.
750 2291 807 2352 Cui
822 2292 900 2350 fidus
915 2291 1049 2350 Achates

332 2388 364 2445 It
378 2405 488 2460 comes,
503 2398 534 2445 et
548 2385 668 2463 paribus
681 2385 759 2444 curis
772 2383 898 2462 vestigia
910 2381 982 2461 figit
1007 2448 1008 2451 Ἴ

331 2494 432 2551 Multa
445 2493 521 2552 inter
535 2510 600 2551 sese
614 2490 696 2550 vario
710 2508 848 2550 sermone
863 2492 1010 2562 serebant,
1280 2507 1315 2546 ιω

330 2587 433 2660 Quem
447 2585 561 2645 socium
576 2584 744 2644 exanimem
757 2594 850 2658 vates,
866 2583 949 2659 quod
963 2602 1071 2659 corpus
1086 2582 1270 2643 humandum

331 2680 464 2739 Diceret
508 2681 609 2754 Atque
624 2678 665 2737 illi
680 2678 832 2737 Misenum
846 2676 877 2735 in
892 2676 978 2736 litore
993 2675 1082 2749 sicc0,

330 2773 378 2831 Ut
391 2792 507 2845 venere,
522 2772 626 2830 vident
639 2770 762 2847 indigna
775 2780 871 2829 morte
885 2779 1081 2845 peremptum,

331 2864 486 2924 Misenum
501 2864 659 2937 Aeoliden,
675 2882 737 2939 quo
751 2881 812 2922 non
827 2862 1024 2939 praestantior
1037 2862 1113 2920 alter

330 2961 411 3017 Aere
426 2958 503 3018 ciere
517 2957 604 3032 viros,
621 2960 809 3032 Martemque
823 2956 988 3015 accendere
1003 2965 1102 3015 cantu.

331 3052 476 3111 Hectoris
489 3050 538 3110 hic
552 3051 652 3128 magni
666 3050 760 3109 fuerat
774 3068 885 3123 comes,
903 3051 1040 3109 Hectora
1051 3047 1165 3109 circum

332 3146 372 3203 nt
384 3144 457 3204 nuo
470 3128 586 3221 'pugna
601 3142 723 3220 insignis
738 3141 842 3202 obibat
855 3152 886 3201 et
899 3142 994 3201 nasta

332 3239 496 3313 Postquam
511 3238 593 3296 illum
607 3237 669 3296 vita
681 3236 777 3295 victor
790 3235 930 3312 spoliavit
945 3234 1089 3307 Achilles,

332 3331 486 3390 Dardanio
501 3333 622 3390 Aeneae
637 3347 705 3389 sese
719 3328 897 3388 fortissimus
911 3329 1000 3386 heros

334 3424 502 3483 Addiderat
516 3424 640 3495 socium,
655 3441 717 3481 non
732 3422 871 3480 inferiora
884 3432 1014 3479 secutus.
1279 3448 1316 3484 170

331 3517 392 3576 Sed
406 3527 478 3587 tum,
492 3516 567 3575 sorte
582 3534 655 3575 cava
669 3515 739 3574 dum
754 3524 896 3591 personat
910 3531 1041 3589 aequora
1055 3512 1181 3586 concha,

333 3611 476 3681 Demens,
492 3619 522 3668 et
536 3619 625 3668 cantu
639 3618 727 3668 vocat
741 3608 771 3665 in
786 3607 949 3667 certamina
963 3607 1059 3679 divos,

330 3703 476 3761 Aemulus
490 3713 648 3779 exceptum
662 3701 777 3772 Triton,
793 3700 819 3759 si
832 3699 956 3758 credere
971 3698 1095 3775 dignum
1109 3707 1163 3771 est,

332 3796 417 3853 Inter
430 3814 503 3853 saxa
515 3794 610 3853 virum
625 3812 767 3871 spumosa
780 3793 965 3852 immerserat
978 3792 1067 3850 unda

330 3889 413 3969 Ergo
427 3906 533 3951 omnes
546 3905 655 3965 magno
669 3886 780 3945 circum
794 3886 925 3944 clamore
938 3884 1114 3956 fremebant,
1279 3907 1322 3949 ns,

330 3981 495 4057 Praecipue
510 3979 577 4057 pius
591 3981 720 4039 Aeneas.
763 3980 841 4036 Tum
854 3978 937 4053 jussa
951 3975 1094 4053 Sibyllae,

536 4084 560 4123 ι,
845 4094 849 4100 ·
