3550 4859
447 588 464 630 2
469 586 504 629 1²
764 584 789 627 P.
812 583 947 631 vtuurllt
967 581 1110 627 monus

446 726 596 807 Epytiden
610 737 706 803 vocat,
721 737 753 789 et
765 728 856 789 fidam
870 728 915 789 sic
928 728 1005 788 intur
1018 728 1058 789 ad
1072 744 1192 787 aurem:

444 823 532 882 Vade
546 841 609 901 age,
625 831 656 881 et
670 820 811 895 Ascanio,
825 818 853 887 si
864 822 927 901 jam
941 820 1053 898 puerile
1067 832 1202 898 paratum

445 918 564 995 Agmen
578 915 670 975 habet
683 933 794 988 secum,
809 933 973 991 cursusque
986 914 1123 974 instruxit
1137 930 1293 990 equorum,

448 1012 548 1069 Ducat
561 1027 618 1068 avo
633 1018 752 1081 turmas,
768 1017 799 1067 et
813 1027 879 1068 sese
894 1008 1035 1068 ostendat
1048 1007 1079 1066 in
1093 1008 1193 1080 annis,

447 1102 515 1175 Dic,
531 1102 579 1161 ait.
622 1103 693 1179 Ipse
707 1120 828 1162 ornnem
842 1101 934 1179 longo
948 1101 1095 1161 decedere
1109 1100 1188 1161 circo
1211 1152 1214 1156 .

447 1195 581 1255 Infusum
595 1196 748 1272 populum,
763 1205 794 1255 et
807 1212 932 1271 campos
943 1195 1029 1271 jubet
1042 1212 1109 1255 esse
1123 1203 1270 1271 patentes.

436 1288 598 1348 -Incedunt
611 1287 704 1364 pueri,
719 1287 887 1365 pariterque
899 1297 970 1348 ante
984 1306 1037 1347 ora
1050 1297 1207 1364 parentum

447 1381 583 1441 Frenatis
598 1382 698 1440 lucent
712 1381 744 1440 iu
757 1380 851 1458 equis,
867 1399 944 1457 quos
957 1379 1055 1440 omnis
1070 1390 1176 1440 euntes
1251 1398 1253 1401 ·

446 1474 618 1533 Trinacriae
633 1474 736 1533 mirata
750 1474 847 1534 fremit
860 1475 1028 1553 Troiaeque
1041 1475 1188 1550 juventus.

447 1567 595 1637 Omnibus
609 1567 639 1625 in
654 1585 768 1626 morem
781 1576 870 1627 tonsa
883 1585 970 1627 coma
983 1585 1086 1643 pressa
1099 1584 1212 1625 corona
1224 1586 1236 1641 ς

448 1661 567 1720 Cornea
580 1660 652 1719 bina
665 1660 762 1720 ferunt
776 1660 907 1737 praefixa
920 1659 1038 1720 hastilia
1051 1659 1149 1740 lerr03

448 1754 521 1811 Pars
536 1753 616 1812 leves
630 1754 756 1813 humero
769 1754 944 1830 pharetras3
963 1753 986 1813 it
999 1754 1120 1829 pectore
1134 1769 1252 1812 summo

448 1844 570 1905 Flexilis
584 1844 694 1905 obtorti
707 1865 762 1922 per
776 1846 886 1905 collum
901 1845 1029 1905 circulus
1043 1844 1114 1904 auri.

446 1940 525 1998 Tres
539 1938 672 2014 equitum
687 1957 811 1998 numero
825 1948 949 2012 tunnae,
964 1937 1100 2015 ternique
1114 1946 1259 2015 vagantur

449 2033 619 2105 Ductores3
639 2031 723 2107 pueri
736 2031 784 2091 bis
798 2032 863 2092 seni
878 2039 1028 2108 quemque
1042 2030 1137 2091 secuti

448 2123 578 2203 Agmine
593 2122 702 2200 partito
715 2124 830 2201 fulgent
843 2123 1024 2201 paribusque
1039 2122 1194 2200 magistris„

450 2218 522 2278 Una
536 2216 616 2276 acies
628 2216 780 2295 juvenum,
795 2217 878 2277 ducit
893 2234 984 2293 quam
998 2236 1106 2293 parvus
1120 2225 1262 2275 ovantem

450 2312 571 2370 Nomen
586 2308 633 2368 avi
648 2310 777 2369 referens
792 2310 936 2383 Priamus,
953 2319 1003 2369 tua
1016 2310 1108 2382 clara,
1116 2309 1226 2382 Polite,

451 2402 623 2481 Progenies,
639 2411 761 2461 auctura
776 2403 891 2476 Italos;
911 2421 1000 2478 quem
1014 2401 1158 2461 Thracius
1172 2400 1250 2461 albis

450 2498 553 2558 Portat
567 2513 663 2571 equus
677 2494 793 2554 bicolor
806 2495 940 2568 maculis,
956 2493 1081 2573 vestigia
1094 2493 1182 2572 primi

451 2590 531 2648 Alba
545 2587 632 2665 pedis
646 2588 835 2671 frontemque
848 2598 1005 2648 ostentans
1019 2588 1128 2647 arduus
1142 2587 1249 2648 albam

451 2683 539 2743 Alter
553 2684 637 2760 Atys,
651 2700 747 2759 genus
761 2681 842 2741 unde
856 2680 919 2741 Atii
934 2682 1045 2741 duxere
1060 2680 1167 2753 Latini,

451 2778 564 2835 Parvus
579 2778 664 2854 Atys,
679 2782 832 2852 pueroque
845 2793 920 2852 puer
933 2775 1060 2835 dilectus
1075 2774 1151 2834 Iulo.

452 2870 619 2942 Extremus,
635 2868 787 2945 formaque
800 2878 871 2928 ante
884 2887 990 2928 omnes
1004 2868 1136 2944 pulcher,
1152 2866 1238 2929 Iulus
1327 2888 1328 2892 ¹

452 2960 578 3022 Sidonio
593 2970 638 3020 est
652 2962 786 3021 invectus
800 2980 889 3037 equo,
903 2980 993 3037 quem
1006 2959 1136 3021 candida
1150 2959 1233 3021 Dido

453 3056 529 3113 Esse
544 3054 591 3113 sui
605 3054 730 3114 dederat
743 3062 970 3114 monumentum
984 3064 1015 3114 et
1027 3053 1136 3133 pignus
1150 3052 1269 3115 amoris.

452 3147 562 3205 Cetera
575 3144 736 3205 Trinacriis
749 3145 845 3223 pubes
858 3140 985 3206 senioris
999 3146 1129 3206 Acestae

453 3240 559 3300 Fertur
572 3238 664 3313 equis.
1126 3288 1129 3293 .

454 3329 613 3407 Excipiunt
627 3331 733 3407 plausu
747 3331 881 3407 pavidos,
896 3331 1087 3410 gaudentque
1101 3339 1219 3393 tuentes
1394 3353 1435 3394 srs

342 3428 349 3449 ⁸
453 3422 653 3496 Dardanidae,
668 3434 861 3501 veterumque
874 3433 1042 3503 agnoscunt
1055 3443 1107 3483 ora
1120 3434 1285 3501 parentum.

454 3517 617 3591 Postquam
631 3535 750 3592 omnem
764 3516 834 3577 laeti
847 3535 1023 3578 consessum
1036 3516 1201 3593 oculosque
1215 3536 1336 3578 suorum
1419 3532 1422 3542 ’

454 3610 631 3668 Lustravere
645 3606 676 3667 in
690 3608 784 3685 equis,
799 3608 916 3689 signum
930 3612 1060 3670 clamore
1073 3609 1185 3687 paratis

454 3702 598 3780 Epytides
613 3702 701 3778 longe
715 3702 800 3763 dedit
812 3701 1002 3780 insonuitque
1016 3702 1144 3781 flagello.

455 3794 518 3857 Olli
532 3795 695 3854 discurrere
709 3813 806 3871 pares,
820 3797 1044 3875 atque-agmina
1056 3795 1133 3855 terni

454 3882 596 3964 Diductis
610 3888 724 3949 solvere
737 3888 843 3962 choris,
858 3908 1017 3965 rursusque
1029 3888 1128 3948 vocati

456 3982 640 4041 Convertere
653 3980 718 4042 vias
726 3980 899 4062 ,infestaque
912 3982 972 4043 tela
986 3982 1088 4043 tulere
