3550 4859
403 558 459 615 126
717 572 742 616 r.
762 571 897 616 vrnonn
917 572 1060 617 trunonis

401 717 542 794 Bellaque
553 718 616 797 jam
630 717 710 777 fama
723 727 820 777 totum
832 719 953 797 vulgata
965 738 1020 796 per
1031 718 1143 792 orbern,

400 811 530 885 Atridas,
547 811 766 887 Priamumque,
782 821 812 870 et
826 830 948 870 saevum
963 811 1109 871 ambobus
1124 810 1272 874 Achillen.
1287 853 1290 858 .

401 904 551 979 Constitit,
567 914 597 963 et
610 905 776 978 lacrimans,
794 904 869 977 Quis
880 906 944 981 jam
958 906 1050 978 locus,
1066 904 1170 981 inquit,
1187 908 1313 981 Achate,

400 999 486 1073 Quae
500 997 580 1074 regio
595 997 625 1055 in
640 997 723 1056 terris
737 997 830 1056 nostri
844 1015 906 1056 non
921 998 1010 1074 plena
1023 998 1153 1059 laboris?
1341 1019 1382 1067 φο

400 1093 447 1152 En
464 1091 603 1150 Priamus.
648 1092 723 1149 Sunt
736 1089 785 1148 hic
800 1089 889 1149 etiam
904 1109 958 1150 sua
971 1092 1104 1167 praemia
1117 1092 1218 1168 laudi3

399 1186 473 1246 Sunt
487 1183 625 1243 lacrimae
638 1202 734 1242 rerum
749 1192 780 1242 et
793 1193 924 1242 mentem
939 1186 1076 1245 mortalia
1089 1195 1221 1263 tangunt

401 1279 489 1337 Solve
504 1288 619 1351 metus;
639 1277 713 1336 feret
726 1276 800 1335 haec
815 1276 945 1352 aliquam
960 1278 1014 1337 tibi
1027 1280 1107 1338 fama
1120 1281 1254 1341 salutem

399 1371 447 1431 Sic
462 1371 510 1444 ait,
526 1381 615 1447 atque
630 1368 761 1429 animum
775 1369 891 1446 pictura
903 1372 1000 1448 pascit
1014 1369 1105 1446 inani,

400 1465 498 1523 Multa
511 1482 641 1540 gemens,
657 1465 798 1539 largoque
812 1465 966 1524 humectat
979 1464 1099 1525 flumine
1113 1465 1234 1525 vultum.
1340 1483 1381 1532 ⁴⁶³

400 1560 538 1634 Namque
553 1556 681 1629 videbat,
696 1556 739 1615 uti
753 1558 898 1617 bellantes
914 1560 1057 1635 Pergama
1070 1558 1180 1618 circum

400 1653 469 1710 Hac
483 1652 616 1727 sugerent
631 1650 720 1723 Graii,
737 1662 882 1727 premeret
896 1653 1028 1730 TroJana
1040 1653 1187 1727 juventus,

399 1746 469 1803 Hac
485 1745 622 1823 Phryges,
638 1742 759 1803 instaret
773 1763 859 1804 curru
873 1744 1009 1804 cristatus
1023 1745 1164 1805 Achilles.

399 1839 465 1896 Nec
479 1837 582 1913 procul
596 1836 665 1895 hinc
681 1837 776 1897 Rhesi
790 1838 883 1897 niveis
898 1838 1025 1897 tentoria
1037 1837 1111 1897 velis

398 1930 544 2007 Agnoscit
558 1930 724 2003 lacrimans,
739 1930 836 2008 primo
851 1950 927 2006 quae
941 1930 1059 2007 prodita
1074 1949 1181 1991 somno
1340 1958 1381 1996 470

397 2023 530 2101 Tydides
545 2025 639 2082 multa
651 2025 788 2084 vastabat
801 2026 894 2083 caede
909 2034 1054 2097 cruentus,

398 2118 608 2193 Ardentesque
623 2117 727 2177 avertit
741 2136 835 2193 equos
849 2117 881 2175 in
895 2128 999 2191 castra,
1015 2116 1095 2193 prius
1109 2135 1199 2193 quam

398 2212 513 2270 Pabula
526 2221 693 2288 gustassent
708 2212 816 2290 Trojae
831 2212 1045 2286 Xanthumque
1059 2210 1212 2270 bibissent

399 2307 486 2364 Parte
500 2306 559 2364 alia
572 2304 687 2381 fugiens
702 2304 816 2363 amissis
831 2304 949 2363 Troilus
964 2303 1060 2377 armis,

399 2398 508 2458 Infelix
522 2417 595 2475 puer
609 2409 698 2473 atque
712 2397 807 2474 impar
820 2416 996 2474 congressus
1010 2396 1130 2471 Achilli,
1219 2385 1223 2395 ’
1340 2424 1381 2463 ⁴⁷⁵

399 2493 503 2552 Fertur
517 2490 608 2567 equis,
624 2509 768 2567 curruque
782 2492 883 2551 haeret
897 2491 1051 2568 resupinus
1066 2491 1156 2565 inani,

399 2588 478 2645 Lora
493 2596 599 2644 tenens
613 2595 733 2658 tamen3
753 2584 823 2643 huic
836 2584 995 2660 cervixque
1010 2603 1175 2661 comaeque
1189 2585 1344 2645 trahuntur

398 2681 456 2739 Per
470 2689 583 2751 terram,
600 2687 629 2736 et
643 2696 729 2735 versa
743 2676 839 2753 pulvis
853 2676 1021 2737 inscribitur
1035 2678 1127 2737 hasta

398 2770 518 2831 Interea
531 2771 570 2829 ad
586 2771 728 2846 templum
743 2789 805 2829 non
820 2789 932 2845 aequae
948 2770 1077 2829 Palladis
1091 2770 1175 2830 ibant

399 2865 539 2925 Crinibus
555 2862 665 2923 Iliades
679 2863 775 2939 passis
790 2863 971 2939 peplumque
984 2864 1129 2937 ferebant,
1273 2859 1275 2862 ’
1341 2881 1382 2931 ⁴⁸⁰

399 2957 577 3046 Suppliciter
591 2956 688 3016 tristes
703 2965 733 3015 et
747 2966 851 3015 tunsae
865 2967 987 3032 pectora
1000 2957 1126 3034 palmis;

399 3052 478 3110 Diva
491 3051 555 3109 solo
570 3051 645 3108 fixos
660 3050 763 3108 oculos
778 3068 880 3108 aversa
894 3052 1022 3110 tenebat

397 3145 458 3203 Ter
471 3144 582 3203 circum
597 3142 707 3201 Iliacos
721 3152 887 3217 raptaverat
902 3144 1036 3202 Hectora
1049 3162 1157 3217 muros,

399 3236 635 3311 Exanimumque
649 3253 721 3294 auro
735 3253 843 3311 corpus
857 3237 1008 3295 vendebat
1021 3237 1162 3296 Achilles.

397 3331 477 3389 Tum
491 3348 561 3388 vero
576 3328 726 3405 ingentem
741 3327 882 3405 gemitum
898 3329 949 3388 dat
963 3340 1084 3405 pectore
1098 3332 1136 3390 ab
1150 3328 1221 3403 imo,
1340 3345 1380 3396 ψ,

398 3424 442 3484 Ut
457 3422 559 3499 spolia,
575 3432 608 3480 ut
621 3440 731 3495 currus,
747 3432 838 3497 utque
852 3420 949 3497 ipsum
964 3441 1071 3498 corpus
1086 3422 1183 3496 amici,

397 3516 645 3591 Tendentemque
659 3533 764 3573 manus
780 3514 929 3574 Pn'amum
943 3515 1100 3592 conspexit
1112 3514 1248 3575 inermes

399 3610 438 3670 Se
453 3628 572 3685 quoque
587 3607 769 3684 principibus
782 3606 960 3683 permixtum
975 3607 1095 3684 agnovit
1108 3606 1240 3682 Achivis,

399 3704 537 3778 ansque
552 3700 630 3760 acIes
645 3710 675 3759 et
688 3700 763 3776 nigri
778 3699 950 3759 Memnonis
965 3719 1054 3760 arma

378 3823 380 3828 v
398 3794 490 3855 Ducit
504 3794 723 3853 Amazonidum
737 3792 844 3852 lunatis
859 3792 977 3870 agmina
990 3794 1079 3871 peltis
1338 3822 1380 3861 ιφ

398 3886 587 3948 Penthesilea
600 3888 708 3960 furens,
723 3886 887 3963 mediisque
903 3886 933 3945 in
948 3886 1066 3947 milibus
1081 3887 1172 3961 ardet,

398 3984 498 4042 Aurea
512 3982 692 4041 subnectens
707 3990 840 4044 exsertae
853 3980 972 4058 cingula
985 3999 1140 4055 mammae,
