3550 4859
740 552 899 599 autumnos
920 552 978 598 uu
1002 554 1035 597 ll.

403 703 474 765 Huc
488 697 610 760 tandem
625 697 779 773 concede,
798 700 873 760 haec
887 718 939 760 ara
952 698 1081 761 tuebitur
1095 718 1209 776 omnes,

401 797 463 854 Aut
477 791 603 854 moriere
618 791 713 851 simul.
757 792 805 853 Sic
821 812 871 853 ore
885 793 975 853 effata
988 793 1099 870 recepit

401 888 450 947 Ad
464 905 531 947 sese
545 895 575 945 et
590 904 673 945 sacra
686 884 863 962 longaevum
878 885 909 944 in
923 887 995 946 sede
1009 886 1127 955 locavit.
1341 917 1376 956 523

442 983 521 1040 Ecce
537 989 636 1038 autern
651 978 770 1054 elapsus
786 978 889 1056 Pyrrhi
903 980 942 1039 de
956 980 1048 1039 caede
1064 979 1184 1054 Polites,

400 1075 490 1134 Unus
504 1083 640 1132 natorum
656 1071 773 1145 Priami,
789 1091 842 1148 per
855 1073 923 1147 tela,
938 1092 992 1149 per
1004 1074 1106 1133 hostes

401 1165 568 1227 Porticibus
582 1159 679 1241 longis
694 1163 775 1240 fugit,
791 1174 822 1224 et
835 1185 930 1224 vacua
943 1165 1016 1225 atria
1029 1166 1132 1226 lustrat

400 1260 531 1321 Saucius.
576 1255 666 1318 Illum
681 1258 788 1317 ardens
803 1257 911 1317 infesto
925 1259 1046 1318 vulnere
1062 1259 1189 1335 Pyrrhus

400 1352 581 1429 Insequitur,
594 1353 656 1427 jam
669 1353 790 1428 jamque
806 1369 896 1410 manu
911 1361 992 1411 tenet
1006 1362 1036 1411 et
1050 1351 1157 1428 premit
1170 1351 1263 1412 hasta
1340 1381 1378 1420 ⁵³0

400 1448 445 1507 Ut
458 1446 580 1506 tandem
595 1454 663 1503 ante
678 1445 783 1503 oculos
797 1443 889 1503 evasit
904 1453 935 1503 et
949 1460 1000 1503 ora
1014 1455 1178 1520 parentum,

400 1537 550 1612 Concidit,
567 1557 602 1597 ac
616 1539 710 1596 multo
724 1536 815 1595 vitam
830 1555 899 1596 cum
913 1536 1055 1612 sanguine
1070 1537 1153 1597 fudit.

400 1632 461 1692 Hic
476 1631 620 1704 Priamus,
637 1649 817 1706 quamquam
831 1628 862 1688 in
876 1628 976 1688 media
988 1630 1048 1705 jam
1064 1640 1158 1690 morte
1172 1641 1297 1707 tenetur,

400 1726 471 1785 Non
485 1735 585 1784 tamen
599 1721 749 1796 abstinuit,
762 1741 818 1782 nec
832 1720 900 1782 voci
914 1721 1032 1798 iraeque
1047 1723 1197 1800 pepercit:
1311 1798 1315 1805 Π

400 1820 441 1878 At
455 1816 510 1877 tibi
523 1836 578 1894 pro
593 1818 711 1890 scelere,
727 1817 881 1890 exclamat,
897 1833 952 1892 pro
966 1814 1075 1875 talibus
1089 1816 1176 1892 ausis,
1310 1810 1313 1818 ⁴
1339 1838 1383 1886 „a

400 1910 449 1985 Di,
465 1909 490 1969 si
505 1929 564 1986 qua
578 1919 623 1969 est
637 1911 723 1969 coelo
737 1908 840 1986 pietas,
857 1928 933 1985 quae
948 1907 1019 1968 talia
1033 1920 1123 1984 curet,

332 2042 336 2051 ·
400 2004 574 2064 Persolvant
588 2013 684 2080 grates
698 2002 846 2079 dignaset
860 2002 992 2079 praemia
1005 2002 1132 2063 reddant

400 2095 520 2171 Debita,
537 2095 587 2173 qui
602 2095 663 2156 nati
678 2114 777 2156 coram
792 2115 841 2155 me
855 2115 975 2156 cernere
989 2096 1082 2155 letum

400 2189 511 2251 Fecisti
526 2201 555 2250 et
569 2189 680 2267 patrios
694 2189 821 2249 foedasti
835 2190 937 2248 funere
950 2189 1056 2248 vultus.

400 2286 442 2344 At
455 2303 517 2343 non
533 2282 590 2357 ille,
607 2293 703 2342 satum
718 2301 778 2358 quo
793 2293 822 2342 te
836 2281 978 2356 mentiris,
995 2281 1130 2342 Achilles
1339 2305 1376 2352 su·

399 2376 483 2436 Talis
497 2375 528 2435 in
542 2377 629 2436 hoste
644 2375 697 2436 suit
713 2375 850 2451 Priamo;
871 2376 924 2435 sed
937 2377 1003 2453 jura
1016 2377 1167 2452 fidemque

401 2468 550 2548 Supplicia
565 2469 689 2543 erubuit,
705 2488 871 2546 corpusque
886 2489 1034 2548 exsangue
1049 2470 1205 2547 sepulchro

400 2562 546 2623 Reddidit
560 2565 754 2636 Hectoreum,
770 2582 877 2639 meque
892 2563 922 2621 in
938 2583 1005 2623 mea
1017 2581 1108 2640 regna
1121 2561 1239 2623 remisit

400 2655 449 2717 Sic
462 2657 540 2716 satus
554 2655 660 2729 senior,
676 2656 827 2731 telumque
842 2655 962 2715 imbelle
977 2655 1040 2715 sine
1053 2655 1114 2715 ictu

400 2748 548 2826 Conjecit,
564 2767 654 2808 rauco
669 2749 749 2825 quod
765 2747 899 2825 protinus
912 2767 979 2808 aere
994 2748 1144 2824 repulsum
1338 2778 1374 2817 su

400 2843 440 2901 Et
455 2861 571 2901 summo
586 2841 674 2919 clipei
689 2841 892 2917 nequidquam
906 2842 1037 2900 umbone
1050 2841 1201 2917 pependit

401 2935 458 2995 Cui
474 2935 619 3013 Pyrrhus:
640 2934 765 2994 Reseres
780 2953 849 3010 ergo
864 2934 939 2994 haec
954 2944 984 2995 et
998 2932 1117 2994 nuntius
1131 2933 1187 2995 ibis

400 3027 522 3088 Pelidae
536 3027 680 3105 genitori3
701 3027 743 3086 illi
757 3046 825 3086 mea
839 3026 934 3087 tristia
947 3029 1026 3087 sacta

400 3122 647 3198 Degeneremque
663 3121 895 3198 Neoptolemum
910 3140 1027 3180 narrare
1041 3129 1201 3182 memento.

399 3215 490 3274 Nunc
505 3233 625 3274 morere.
670 3217 741 3274 Hoc
756 3214 859 3274 dicens
874 3213 976 3274 altaria
990 3214 1029 3273 ad
1043 3213 1107 3290 ipsa
1122 3222 1296 3274 trementem
1336 3240 1374 3282 530

398 3305 501 3367 Traxit
516 3318 546 3367 et
559 3305 590 3365 in
605 3308 698 3366 multo
713 3309 878 3384 lapsantem
894 3305 1036 3383 sanguine
1050 3306 1121 3379 nati,

399 3398 609 3476 Implicuitque
624 3419 740 3459 comam
755 3401 848 3474 laeva,
864 3400 1027 3475 dextraque
1041 3417 1196 3460 coruscum

399 3491 513 3551 Extulit
527 3511 563 3552 ac
577 3492 661 3552 lateri
675 3494 783 3570 capulo
798 3503 884 3552 tenus
899 3491 1014 3551 abdidit
1028 3511 1138 3552 ensem.

398 3587 487 3645 Haec
501 3584 567 3645 finis
583 3584 692 3645 Priami
706 3584 833 3645 fatorum
841 3606 850 3660 ;
871 3584 920 3644 hic
934 3584 1031 3646 exitus
1045 3584 1132 3644 illum'

398 3680 482 3739 Sorte
497 3677 571 3752 tulit,
586 3679 708 3754 Trojam
722 3678 875 3738 incensam
889 3687 920 3739 et
933 3679 1071 3756 prolapsa
1084 3678 1235 3740 videntem
1337 3704 1374 3748 5⁵3

398 3773 550 3848 Pergama,
566 3781 611 3831 tot
625 3772 778 3848 quondam
793 3771 911 3849 populis
925 3771 1068 3849 terrisque
1082 3773 1243 3850 superbum

398 3865 600 3942 Regnatorem
615 3863 711 3923 Asiae.
754 3866 840 3940 Jacet
853 3865 959 3943 ingens
973 3865 1057 3926 litore
1071 3875 1199 3939 truncus,

399 3958 604 4034 Avulsumque
618 3955 746 4017 humeris
761 3968 858 4035 caput,
874 3966 904 4018 et
919 3959 983 4018 sine
997 3957 1118 4018 nomine
1132 3976 1250 4035 corpus.
