3550 4859
745 560 1045 624 nummaria-‘ru

406 723 557 786 Interiora
570 724 679 784 domus
690 722 827 803 irrumpit
838 724 953 801 limina,
966 726 1087 788 emtor
1174 729 1181 750 ’·

399 817 592 879 'Conscendit
605 817 765 878 fiuibuuda
777 838 875 896 rogos,
891 838 1053 898 ciuemque
1067 819 1193 881 mltulit

406 911 602 985 Dardanium,
617 930 680 971 nou
694 911 750 971 hos
763 911 930 989 quaesitum
945 932 1054 973 munus
1066 912 1098 973 in
1111 932 1192 975 usus

406 1005 479 1079 Hic,
495 1015 655 1082 postquam
670 1004 779 1065 Iliucas
792 1016 891 1065 vestes
904 1016 1073 1083 notumque
1079 1008 1182 1068 cubile

406 1098 583 1175 Conspexit,
598 1090 720 1175 paulum
733 1097 861 1158 lacrimis
875 1107 907 1164 et
920 1109 1021 1161 ments
1034 1110 1157 1174 morata,
1255 1130 1257 1133 v
1349 1123 1359 1143 ··

408 1190 609 1268 Incubuitque
622 1200 697 1265 toro,
713 1190 847 1268 dixitque
860 1191 1023 1254 novissime
1035 1194 1145 1253 verba:

408 1285 521 1345 Dulces
535 1284 666 1358 exuviae,
682 1284 755 1344 dum
768 1284 830 1345 lata
843 1285 978 1362 deusque
992 1286 1118 1360 sinebnt,

407 1378 546 1455 Accipite
560 1379 638 1437 hanc
652 1377 791 1451 animum,
806 1396 917 1455 meque
930 1379 978 1438 his
989 1379 1136 1440 exsolvite
1149 1377 1234 1441 curis

407 1472 486 1545 Vixi,
502 1482 541 1545 et,
558 1490 647 1547 quem
662 1470 785 1531 dederat
798 1488 918 1531 cursum
931 1472 1059 1545 formum
1074 1470 1195 1550 peregi3
1212 1500 1215 1503 ·

407 1566 445 1626 Et
460 1584 541 1624 nunc
555 1584 665 1643 magna
677 1563 737 1624 mei
751 1566 809 1624 sub
822 1574 915 1623 terras
929 1563 984 1624 ibit
997 1563 1104 1642 inrogo.

407 1660 522 1719 Urbem
537 1658 717 1735 praeclaram
732 1656 841 1732 stutui3
860 1676 930 1718 mea
942 1657 1156 1735 moeniavidi3
1279 1686 1281 1689 ⁴
1338 1684 1340 1690 ·
1450 1650 1451 1654 ’

408 1752 482 1811 Ulta
495 1752 598 1825 virum,
615 1769 728 1827 poenas
742 1749 864 1811 inimico
878 1770 897 1810 u
910 1751 997 1812 datm
1011 1750 1131 1828 recepi3

406 1845 499 1919 Felix,
515 1845 575 1904 luen
588 1844 714 1903 ninnium
727 1843 806 1917 felix,
822 1843 847 1903 si
861 1843 948 1906 litora
961 1854 1077 1905 onum

409 1940 581 2013 Numquam
597 1935 767 1996 Dardaniae
780 1935 946 2013 tetigissent
959 1947 1061 1997 nostra
1074 1936 1211 1999 samael

407 2029 499 2104 Dixit,
516 2040 555 2103 et,
570 2048 605 2089 os
618 2028 763 2106 impressa
775 2040 850 2104 toro,
867 2030 1032 2090 Moriem
1047 2029 1182 2091 inultae?

409 2124 468 2184 Sed
484 2122 652 2196 moriamur,
667 2122 717 2182 ait
761 2122 819 2196 Sic,
835 2122 882 2182 sic
891 2124 976 2200 juvat
987 2123 1030 2183 ire
1044 2124 1099 2184 sub
1113 2125 1241 2185 umbras

409 2217 538 2276 Hauriat
550 2217 631 2278 hunc
645 2214 740 2276 oeulis
754 2214 854 2293 ignem
868 2216 995 2277 erudelis
1010 2218 1054 2281 ab
1061 2218 1125 2277 ulto

410 2310 577 2384 Dardanus,
593 2320 624 2370 et
636 2318 756 2369 nostrae
771 2328 872 2369 secum
885 2310 961 2370 serat
972 2309 1076 2370 omina
1088 2309 1200 2370 mortis

411 2403 552 2479 Dixerat,
572 2413 662 2480 atque
676 2402 758 2462 iliam
772 2401 872 2463 media
884 2401 965 2463 inter
974 2402 1047 2463 talis
1059 2404 1136 2465 leno

411 2498 582 2574 collapsam
597 2494 765 2574 adspiciunt
778 2495 914 2571 comites,
927 2514 1091 2575 ensemque
1104 2515 1209 2557 mucre

412 2591 614 2667 Spumantem,
630 2608 806 2667 sparsusque
819 2608 934 2649 manus
977 2592 1009 2650 It
1020 2592 1134 2650 clamor
1147 2590 1185 2651 ad
1199 2590 1262 2650 altu

409 2681 490 2742 Atria
501 2705 510 2758 ;
530 2689 709 2743 concussam
722 2683 885 2744 baechatur
899 2684 993 2743 Fama
1004 2702 1059 2761 per
1071 2685 1184 2744 urbem

410 2776 563 2836 Lamentis
576 2776 748 2853 gemituque
761 2787 792 2836 et
804 2776 936 2837 femineo
948 2777 1062 2837 ululatu
1118 2802 1121 2806 ·

407 2869 503 2929 Tecta
517 2870 668 2944 fremunt3
685 2879 805 2929 resonat
818 2868 935 2947 magnis
947 2868 1141 2947 plangoribus
1154 2869 1263 2939 aether.

405 2962 479 3023 Non
494 2962 589 3036 aliter,
605 2963 734 3039 quamsi
747 2961 889 3023 immissis
901 2975 969 3025 rust
981 2962 1117 3023 lrostii'ms
1131 2961 1231 3023 omuis
1311 3004 1312 3007 η
1340 2977 1343 2984 ’

361 3050 378 3065 ’
402 3056 566 3133 Karthago
580 3066 632 3115 aut
645 3055 768 3132 antiqua
781 3058 885 3133 Tyros,
901 3056 1099 3132 flammaeque
1114 3056 1243 3115 furentes

400 3148 549 3209 Culmina
563 3167 674 3226 perque
688 3148 842 3208 hominum
856 3150 1013 3209 volvantur
1026 3167 1138 3225 perque
1152 3148 1284 3209 deorum.

398 3242 512 3302 Audiit
527 3242 680 3316 exanimis,
697 3242 873 3319 trepidoque
887 3241 1025 3302 exterrita
1038 3261 1126 3302 cursu

396 3334 567 3414 Unguibus
582 3356 634 3396 ora
648 3356 731 3397 soror
744 3328 870 3397 foedans
884 3344 915 3397 et
928 3346 1050 3414 pectora
1064 3337 1171 3414 pugnis

398 3430 464 3490 Per
478 3429 595 3491 medios
609 3429 674 3504 ruit,
691 3449 727 3490 ac
740 3429 917 3490 morientem
932 3428 1194 3496 nomineclamat:

400 3524 479 3584 Hoc
493 3522 577 3597 illud,
593 3529 743 3600 gemam,
758 3523 834 3583 fuiti
853 3542 904 3583 me
915 3524 1022 3583 fraude
1033 3524 1177 3600 petebam
1250 3544 1253 3548 ·
1342 3585 1347 3592 ,

403 3618 479 3677 Hoc
494 3636 583 3694 rogus
597 3616 655 3680 iste
667 3616 749 3690 milri,
764 3617 824 3676 boc
837 3615 1066 3695 ignes-meque
1080 3616 1244 3693 pambunti

405 3709 489 3785 Quid
504 3710 633 3787 primum
647 3710 765 3770 deserta
778 3711 905 3785 querar?
924 3707 1105 3771 comitemne
1118 3727 1250 3769 soromrn
1371 3737 1372 3744 κ

410 3802 552 3880 Sprevisti
565 3802 718 3863 moriens?
759 3802 876 3862 Eadem
884 3820 933 3862 me
947 3801 990 3861 ad
998 3802 1061 3863 lata
1074 3820 1230 3876 vocasses;
1321 3808 1323 3812 ’

412 3897 496 3958 Idem
511 3897 616 3956 ambas
630 3897 707 3956 ferro
721 3896 815 3970 dolor,
830 3895 1044 3972 utque-eadem
1055 3895 1130 3956 itura
1141 3895 1263 3957 tulisset

415 3989 470 4050 His
483 3989 573 4050 etiam
588 3988 682 4049 struxi
692 3988 840 4063 mnibus,
853 3986 1146 4067 paoioqoeuocuvi
