3550 4859
690 581 864 627 *mm
882 579 944 627 m.
966 582 994 626 V.

362 728 461 788 Triste
475 746 529 805 per
542 727 696 807 augurium
710 730 898 789 Teucronnn
907 738 1031 806 pectora
1043 727 1165 787 ducunt
1278 779 1280 784 .

403 824 448 882 Ut
461 822 585 899 pelagus
599 832 721 881 tenuere
735 832 822 896 rates,
839 840 895 881 nec
913 823 975 901 ism
989 820 1117 898 amplius
1129 820 1191 880 ulla

363 913 503 976 Occurrit
516 914 614 987 tellus,
628 915 722 975 rrraria
734 916 867 991 undique
881 925 913 975 et
924 914 1058 990 undique
1070 914 1197 987 coelum,

363 1008 425 1067 Olli
440 1008 594 1067 caeruleus
608 1025 698 1084 supra
710 1017 801 1085 caput
814 1008 929 1067 adstitit
942 1007 1046 1080 imber,

363 1102 493 1160 Noctem
506 1100 696 1176 hiememque
708 1100 816 1173 ferens,
831 1110 862 1160 et
876 1100 1021 1161 inhorruit
1034 1100 1116 1159 unda
1129 1098 1270 1160 tenebris.

363 1194 435 1269 Ipse
449 1193 631 1271 gubernator
643 1193 738 1270 puppi
753 1193 911 1252 Palinurus
918 1192 962 1252 ab
975 1193 1055 1253 alta:

363 1288 454 1346 Heu!
475 1287 616 1363 quianam
629 1287 704 1345 tanti
718 1286 874 1346 cinxerunt
887 1285 1010 1345 aethera
1024 1284 1138 1345 nimbi?

362 1379 492 1453 Quidve,
507 1390 592 1467 pater
605 1382 756 1455 Neptune,
770 1380 879 1456 paras?
919 1377 968 1438 Sic
982 1378 1092 1437 deinde
1107 1379 1224 1438 locutus

363 1471 514 1551 Colligere
528 1491 609 1532 anna
625 1472 712 1551 jubet
724 1472 892 1548 validisque
906 1470 1079 1531 incumbere
1093 1471 1190 1545 remis,
1303 1497 1306 1503 ·

305 1593 308 1598 ·
362 1565 568 1641 Obliquatque
583 1564 666 1625 sinus
679 1564 710 1623 in
724 1574 855 1639 ventum,
871 1583 907 1623 ac
923 1563 994 1623 talia
1007 1564 1103 1624 fatur:
1128 1578 1130 1581 ’

364 1656 560 1735 Magnanime
574 1659 687 1731 Aenea,
703 1677 774 1731 non,
790 1657 815 1717 si
828 1656 902 1717 mihi
915 1656 1053 1733 Juppiter
1066 1667 1169 1716 auctor

362 1751 527 1827 Spondeat,
542 1751 600 1810 hoc
614 1769 733 1827 sperem
748 1750 1054 1828 Italiam-contingere
1068 1750 1162 1809 coelo.

363 1842 475 1903 Mutati
489 1853 657 1904 transversa
670 1845 799 1903 fremunt
811 1853 842 1903 et
855 1861 981 1920 vespere
995 1842 1034 1903 ab
1048 1850 1112 1902 atro

363 1937 558 2015 Consurgunt
571 1936 661 2010 venti,
676 1947 766 2013 atque
780 1936 811 1995 in
825 1937 937 1997 nubem
949 1935 1067 2015 cogitur
1080 1936 1139 1996 air.
1199 1982 1201 1987 .

364 2031 432 2090 Nec
447 2049 503 2089 nos
517 2029 612 2091 obniti
625 2040 739 2104 contra,
755 2049 811 2091 nec
824 2030 950 2091 tendere
963 2038 1078 2091 tantum

364 2122 540 2183 sufficimus
583 2125 711 2200 Superat
723 2124 864 2200 quoniam
879 2125 1020 2197 Fortuna,
1034 2140 1203 2199 sequamur,

365 2217 604 2294 Quoque-vocat,
619 2227 769 2276 vertamus
783 2217 846 2276 iter.
891 2218 957 2277 Nec
971 2216 1059 2276 litora
1072 2217 1162 2296 longe

324 2338 327 2346 ·
363 2311 440 2370 Fida
453 2328 520 2370 reor
533 2310 663 2370 fraterna
678 2310 780 2388 Erycis
793 2318 957 2386 portusque
971 2308 1106 2384 Sicanos,

364 2402 398 2464 si
411 2404 502 2463 modo
515 2403 570 2462 rite
584 2421 699 2462 memor
712 2411 828 2462 servata
840 2401 982 2463 remetior
994 2412 1081 2463 astra.

362 2497 443 2555 Tum
456 2495 522 2574 pius
537 2498 676 2555 Aeneasr
697 2495 844 2572 Equidem
859 2495 906 2556 sio
916 2512 1042 2573 poscere
1055 2504 1163 2556 ventos

361 2589 545 2667 Jamdudum
560 2597 591 2648 et
604 2589 712 2649 frustra
724 2607 816 2649 cerno
829 2598 859 2648 te
873 2589 997 2649 tendere
1011 2597 1123 2649 contra

365 2683 468 2743 Flecte
482 2682 562 2742 viam
574 2682 657 2743 velis
701 2684 751 2741 An
765 2669 891 2741 sit'mihi
903 2681 1015 2760 gmtior
1026 2682 1096 2756 ulla,

363 2776 470 2851 Quove
484 2774 579 2854 magis
593 2776 689 2835 fessas
702 2784 805 2853 optem
819 2775 976 2835 demittere
991 2792 1092 2848 naves,

363 2868 462 2943 Quam
478 2887 555 2945 quae
568 2867 755 2928 'Dardanium
768 2868 858 2927 tellus
871 2866 945 2927 mihi
956 2876 1058 2929 servat
1073 2869 1215 2949 Acesten,

364 2962 405 3020 Et-
417 2962 510 3039 patris
524 2961 676 3021 Anchisae
689 2962 803 3040 gremio
817 2961 1024 3038 complectitur
1035 2963 1128 3022 ossa?

364 3055 453 3114 Haec
466 3054 518 3115 ubi
532 3054 621 3128 dicta,
636 3064 742 3132 petunt
755 3063 869 3131 portus,
884 3064 916 3113 et
928 3054 997 3113 vela
1010 3054 1135 3113 secundi

364 3148 532 3207 Intendunt
547 3148 672 3227 Zephyri
685 3170 694 3223 3
714 3148 805 3207 fertur
818 3146 878 3206 cita
891 3146 1007 3224 gurgite
1020 3145 1133 3221 classis,

365 3240 405 3299 Et
419 3242 541 3300 tandem
555 3242 626 3300 laeti
640 3251 728 3300 notae
742 3240 937 3299 advertuntur
949 3256 1066 3299 arenae.

405 3335 446 3392 At
460 3334 564 3411 procul
580 3334 699 3393 excelso
714 3333 837 3392 miratus
849 3332 962 3392 vertice
976 3331 1087 3392 montis

364 3426 537 3486 Adventum
552 3427 709 3502 sociasque
723 3435 802 3486 rates
815 3426 944 3486 occurrit
956 3428 1091 3500 Acestes,

275 3585 281 3596 ο
365 3518 517 3578 Horridus
532 3518 562 3576 in
580 3519 687 3597 jaculis
701 3528 732 3577 et
745 3519 825 3595 pelle
839 3518 1002 3597 Libystidis
1015 3536 1111 3593 tusae,

363 3611 456 3670 Troia
470 3610 601 3671 Crimisb
613 3621 793 3688 conceptum
806 3610 931 3670 flumine
943 3621 1039 3671 mater

363 3704 464 3778 Quem
477 3703 588 3781 genuit
632 3706 775 3763 Veterum
789 3721 851 3763 non
865 3703 1023 3763 immemor
1035 3703 1087 3763 ille
1099 3710 1256 3781 parentum
1300 3691 1303 3698 ‘

363 3797 507 3856 Gratatur
520 3796 644 3856 reduces
657 3807 689 3856 et
701 3816 774 3873 gaza
788 3797 884 3856 laetus
898 3795 1008 3872 agresti

364 3887 491 3966 Excipit,
507 3908 543 3949 ac
556 3890 654 3949 sessos
667 3888 774 3966 opibus
788 3890 901 3949 solatur
914 3886 1026 3949 amicis.

406 3984 532 4043 Postera
544 3999 637 4060 quum
649 3982 746 4060 primo
760 3982 864 4043 stelles
878 3980 1003 4043 Oriente
1016 3981 1132 4061 higamt
