3550 4859
746 584 983 637 erumnosus.
1005 584 1046 627 Vl.
1125 634 1126 637 ,
1219 603 1220 609 ¹

409 726 566 807 Egregium
580 726 826 804 formajuvenem
841 740 872 789 et
885 729 1065 808 fulgentibus
1079 726 1176 802 armis,
1270 746 1296 750 ¹·
1349 749 1383 761 .,

409 822 468 883 Sed
482 821 563 880 frons
579 821 658 880 laeta
671 839 784 897 parum,
800 833 830 883 et
844 822 963 898 dejecto
978 823 1090 881 lumina
1103 823 1205 881 vultu:

409 915 494 991 Quis,
509 924 604 990 pater,
619 914 676 986 ille,
692 914 787 973 virum
802 915 853 990 qui
867 914 911 974 sic
925 915 1082 974 comitatur
1095 916 1236 973 euntem?

408 1009 508 1081 Filius,
524 1026 602 1066 anne
617 1006 724 1083 aliquis
738 1025 847 1083 magna
860 1007 899 1066 de
914 1006 1005 1083 stirpe
1021 1009 1184 1083 nepotum?
1295 1076 1298 1083 Ι
1376 1072 1380 1076 ,

408 1100 485 1176 Quis
499 1098 642 1177 strepitus,
647 1100 733 1176 ¹,circa
746 1099 889 1158 comitum
901 1103 908 1158 l
930 1109 1074 1175 quantum
1088 1099 1181 1159 instar
1194 1098 1226 1158 in
1238 1096 1323 1175 ipso!
1350 1112 1389 1169 ως,

409 1194 470 1254 Sed
486 1212 546 1252 nox
560 1203 624 1252 atra
638 1201 728 1268 caput
742 1192 818 1252 tristi
832 1192 1026 1251 circumvolat
1039 1187 1150 1251 umbra

407 1288 487 1346 Tum
501 1296 585 1363 pater
598 1286 756 1359 Anchises,
772 1284 902 1346 lacrimis
917 1282 1071 1363 ingressus
1082 1285 1214 1345 obortis:

407 1381 438 1441 Ο
452 1390 530 1452 nate,
546 1379 697 1457 ingentem
712 1380 824 1437 luctum
839 1397 878 1437 ne
893 1396 1002 1454 quaere
1017 1387 1133 1437 tuorum
1146 1399 1154 1452 ;

408 1473 581 1534 Ostendent
594 1470 680 1531 terris
694 1471 774 1530 hunc
788 1480 904 1530 tantum
919 1465 987 1543 fata,
1000 1489 1098 1546 neque
1112 1471 1189 1530 ultra

408 1568 485 1624 Esse
500 1564 607 1624 sinent
652 1565 786 1623 Nimium
800 1563 887 1623 vobis
903 1565 1041 1622 Romana
1054 1582 1188 1641 propago

407 1655 482 1714 Visa
495 1665 610 1731 potens,
626 1654 738 1731 Superi,
754 1654 875 1731 propria
888 1654 963 1713 haec
978 1654 1003 1713 si
1018 1654 1099 1712 dona
1113 1654 1245 1713 fuissent

406 1748 545 1822 Quantos
559 1748 610 1807 ille
625 1748 720 1807 virum
735 1766 874 1826 magnam
889 1747 1035 1806 Mavortis
1050 1747 1089 1805 ad
1100 1746 1205 1805 urbem

410 1842 543 1918 Campus
558 1851 626 1919 aget
638 1842 784 1919 gemitus!
805 1842 853 1900 vel
868 1860 954 1917 quae,
970 1840 1120 1913 Tiberine,
1135 1839 1250 1901 videbis

407 1936 534 2008 Funera,
550 1954 642 2010 quum
656 1935 802 1993 tumulum
817 1933 1037 2010 praeterlabere
1051 1937 1220 1995 recentem!

406 2028 475 2085 Nec
488 2044 563 2102 puer
577 2026 670 2084 Iliaca
684 2024 841 2101 quisquam
855 2025 894 2083 de
908 2034 998 2102 gente
1013 2023 1137 2083 Latinos

406 2120 446 2178 In
460 2128 576 2178 tantum
591 2118 746 2195 spetollet
759 2136 840 2190 avos,
857 2136 913 2176 nec
929 2117 1059 2176 Romula
1073 2116 1226 2193 quondam

405 2211 482 2271 Ullo
496 2230 530 2270 se
544 2220 660 2270 tantum
676 2211 764 2269 tellus
776 2209 901 2286 jactabit
915 2210 1045 2269 alumno.

387 2349 391 2358 .
406 2306 481 2363 Heu
493 2302 599 2382 pietas,
615 2305 675 2362 heu
687 2303 785 2379 prisca
799 2303 885 2376 fides,
902 2303 1071 2379 invictaque
1085 2302 1166 2362 bello

406 2398 556 2457 Dextera!
599 2399 670 2455 Non
686 2396 729 2455 illi
744 2414 777 2455 se
792 2396 950 2473 quisquam
965 2396 1087 2473 impune
1101 2397 1219 2456 tulisset
1286 2401 1288 2406 ’

406 2490 522 2552 Obvius
539 2500 660 2563 armato,
677 2508 731 2549 seu
745 2508 837 2565 quum
852 2490 947 2566 pedes
961 2489 1017 2549 iret
1031 2490 1061 2548 in
1076 2491 1203 2564 hostem,

406 2586 466 2645 Seu
480 2583 647 2662 spumantis
662 2582 731 2658 equi
746 2583 862 2642 foderet
876 2584 1042 2643 calcaribus
1056 2602 1162 2643 armos.

409 2680 490 2751 Heu,
505 2677 675 2737 miserande
690 2680 782 2753 puer!
804 2677 829 2736 si
844 2696 904 2752 qua
917 2677 978 2735 fata
992 2696 1096 2753 aspera
1110 2696 1239 2754 rumpas,

407 2771 454 2828 Tu
468 2768 630 2828 Marcellus
645 2768 711 2827 eris.
755 2768 898 2827 Manibus
913 2767 982 2827 date
996 2767 1058 2826 lilia
1071 2768 1177 2844 plenis,

408 2864 574 2939 Purpureos
588 2879 726 2939 spargam
739 2860 837 2933 floreS,
853 2860 1042 2937 animamque
1056 2861 1175 2937 nepotis

410 2955 467 3015 His
481 2957 587 3016 saltem
601 2954 787 3014 accumulem
802 2953 899 3027 donis,
916 2963 946 3013 et
959 2954 1064 3032 fungar
1077 2954 1159 3013 inani

359 3062 361 3068 '
409 3051 543 3109 Munere.
555 3049 653 3109 -Sic
667 3058 731 3109 tota
744 3048 857 3125 passim
871 3048 993 3126 regione
1007 3058 1152 3127 vagantur

410 3141 495 3202 A'e'ris
509 3142 540 3200 in
555 3142 668 3218 campis
682 3141 758 3214 latis,
774 3151 864 3219 atque
878 3141 979 3201 omnia
993 3141 1126 3201 lustrant

410 3235 493 3308 Quae
508 3245 668 3311 postquam
683 3235 833 3294 Anchises
848 3243 951 3293 natum
965 3253 1018 3311 per
1031 3233 1148 3311 singula
1161 3232 1253 3307 duxit,

411 3328 607 3403 incenditque
622 3326 755 3386 animum
769 3328 866 3388 famae
881 3326 1030 3386 venientis
1044 3345 1153 3400 amore,

410 3421 483 3479 Exin
498 3421 579 3480 bella
591 3420 655 3480 viro
670 3430 818 3480 memorat
832 3439 909 3497 quae
923 3420 1034 3479 deinde
1047 3419 1187 3497 gerenda,

408 3514 632 3589 Laurentesque
647 3514 737 3573 docet
750 3515 878 3591 populos
892 3514 1056 3590 urbemque
1071 3512 1180 3585 Latini,

405 3608 444 3667 Et
459 3627 521 3684 quo
536 3625 686 3684 quemque
700 3607 792 3667 modo
806 3607 959 3685 fugiatque
972 3608 1106 3682 feratque
1121 3606 1262 3665 laborem.

444 3703 521 3762 Sunt
533 3701 672 3779 geminae
686 3700 789 3761 Somni
803 3711 916 3777 portae,
932 3718 1055 3776 quarum
1069 3700 1162 3758 altera
1176 3699 1268 3759 fertur

401 3794 533 3867 Cornea,
549 3814 609 3870 qua
622 3794 701 3853 veris
715 3793 810 3853 facilis
825 3794 912 3853 datur
925 3794 1020 3852 exitus
1035 3792 1160 3853 Umbris
1172 3814 1182 3866 3

396 3886 511 3947 Altera
525 3888 666 3947 candenti
681 3887 811 3964 perfecta
824 3886 924 3945 nitens
939 3886 1108 3962 elephanto,

398 3979 469 4040 Sed
482 3980 558 4041 falsa
570 3981 611 4041 ad
624 3982 743 4041 coelum
757 3979 877 4039 mittunt
891 3978 1040 4039 insomnia
1053 3980 1169 4037 Manes
