3550 4859
452 571 506 631 182
767 584 794 627 a.
812 582 947 627 vincturi
969 582 1116 627 maeonis,

450 729 678 807 ingrediturque
692 728 768 801 solo,
783 738 814 788 et
827 736 919 805 caput
932 728 1010 787 inter
1023 727 1125 787 nubila
1139 725 1249 788 condit

450 824 537 882 Illam
552 824 644 881 Terra
658 840 773 897 parens,
787 821 832 880 ita
844 819 956 880 irritata
969 820 1101 892 deorum,

451 919 630 988 Extremam,
646 925 678 973 ut
692 912 858 990 perhibent,
875 914 960 973 Coeo
976 913 1191 990 Enceladoque
1205 931 1339 973 sororem

452 1008 622 1085 Progenuit,
637 1007 765 1084 pedibus
777 1007 907 1066 celerem
921 1016 951 1066 et
964 1005 1134 1083 pernicibus
1149 1007 1212 1080 alis,
1394 1022 1435 1064 aas

451 1102 621 1161 Monstrum
629 1100 818 1171 horrendum,
827 1098 941 1175 ingens,
948 1099 1004 1172 cui,
1012 1110 1086 1175 quot
1094 1110 1163 1159 sunt
1170 1118 1296 1179 corpore
1301 1100 1433 1180 plumae,

450 1197 511 1254 Tot
524 1193 628 1272 vigiles
642 1192 721 1253 oculi
735 1193 843 1265 subter,
858 1192 994 1253 mirabile
1008 1192 1098 1267 dictu,

450 1289 511 1347 Tot
525 1286 651 1363 linguae,
666 1286 793 1346 totidem
807 1304 860 1345 ora
873 1297 990 1360 sonant,
1007 1296 1052 1347 tot
1065 1285 1189 1363 subrigit
1202 1305 1296 1349 aures

451 1383 551 1441 Nocte
564 1381 645 1439 volat
659 1378 736 1439 coeli
750 1378 851 1439 medio
866 1389 1021 1457 terraeque
1035 1398 1089 1457 per
1102 1382 1245 1455 umbram,

437 1473 593 1546 -Stridens,
609 1492 666 1532 nec
681 1471 760 1531 dulci
774 1471 905 1532 declinat
919 1474 1032 1532 lumina
1046 1492 1174 1548 somno;

452 1569 534 1627 Luce
550 1561 634 1626 sedet
648 1576 748 1625 custos
762 1576 814 1626 aut
827 1566 935 1625 summi
949 1566 1077 1627 culmine
1092 1566 1171 1640 tecti,

450 1660 595 1736 Turribus
609 1669 660 1719 aut
674 1658 750 1733 altis,
766 1670 796 1719 et
809 1678 933 1737 magnas
947 1660 1059 1720 territat
1073 1661 1169 1734 urbes,

450 1754 529 1811 Tam
544 1750 605 1811 ficti
619 1751 762 1830 pravique
777 1763 874 1826 tenax,
889 1772 979 1829 quarn
993 1754 1098 1813 nuntia
1110 1753 1182 1813 veri.

452 1848 541 1905 Haec
555 1856 618 1904 tum
633 1845 789 1924 multiplici
803 1846 932 1923 populos
947 1865 1083 1906 sermone
1097 1846 1233 1923 replebat

452 1939 595 1998 Gaudens
610 1949 640 1998 et
654 1939 763 2016 pariter
774 1939 854 1999 iacta
868 1950 957 2015 atque
973 1938 1083 2000 infecta
1097 1940 1246 2000 canebat:
1397 1967 1435 2005 roo

451 2030 579 2091 Venisse
594 2034 728 2105 Aenean,
743 2034 878 2109 Trojano
891 2032 1034 2109 sanguine
1049 2043 1171 2107 cretum,

452 2123 510 2184 Cui
525 2143 557 2185 se
571 2125 695 2201 pulchra
708 2126 772 2184 viro
786 2125 924 2202 dignetur
934 2126 1057 2204 jungere
1072 2126 1174 2201 Dido,

453 2219 544 2277 Nunc
557 2218 687 2279 hiemem
700 2217 778 2277 inter
791 2237 825 2278 se
839 2217 918 2291 luxu,
934 2237 1024 2295 quarn
1039 2220 1136 2296 longa,
1151 2219 1251 2279 fovere

453 2312 627 2387 Regnorum
642 2312 830 2372 immemores
845 2310 983 2388 turpique
997 2311 1138 2389 cupidine
1151 2322 1266 2389 captos.

455 2406 543 2464 Haec
557 2403 670 2481 passim
684 2405 743 2464 dea
756 2405 845 2465 foeda
858 2404 953 2464 virum
967 2403 1107 2466 diffundit
1120 2402 1152 2464 in
1165 2423 1224 2465 ora
1397 2431 1436 2471 195

454 2497 595 2564 Protinus
609 2498 646 2557 ad
661 2517 760 2575 regern
774 2517 877 2558 cursus
892 2498 1050 2575 detorquet
1065 2499 1183 2571 Iarban,

455 2590 655 2668 Incenditque
669 2590 801 2651 animum
814 2591 902 2652 dictis
916 2602 1007 2668 atque
1019 2602 1140 2669 aggerat
1154 2592 1219 2651 iras

496 2684 558 2743 Hic
573 2686 747 2745 Hammone
761 2695 849 2759 satus,
865 2696 952 2761 rapta
965 2684 1178 2745 Garamantide
1192 2683 1342 2763 Nympha,

453 2778 582 2854 Templa
596 2777 664 2854 Jovi
679 2789 799 2838 centum
813 2776 881 2837 latis
896 2778 1037 2837 immania
1050 2778 1157 2855 regnis,

455 2872 585 2930 Centum
600 2890 668 2929 aras
682 2870 790 2948 posuit,
804 2869 983 2947 vigilemque
1000 2882 1165 2931 sacraverat
1180 2870 1287 2949 ignem
1399 2899 1440 2928 ιω

456 2963 606 3022 Excubias
621 2963 723 3022 divum
736 2973 879 3036 aeternas,
895 2964 1104 3041 pecudumque
1117 2983 1223 3025 cruore

456 3055 571 3133 Pingue
587 3056 684 3115 solum
698 3067 729 3116 et
741 3054 830 3116 variis
843 3055 982 3116 florentia
996 3056 1099 3116 limina
1113 3056 1205 3118 sertis

456 3151 548 3225 Isque
562 3160 666 3208 amens
678 3147 770 3208 animi
784 3158 814 3208 et
827 3167 945 3209 rumore
959 3167 1102 3209 accensus
1116 3168 1217 3211 amaro

457 3242 575 3302 Dicitur
588 3252 657 3302 ante
671 3261 736 3302 aras
748 3241 849 3302 media
862 3241 939 3301 inter
952 3240 1076 3302 numina
1089 3242 1191 3303 divum

457 3337 556 3395 Multa
568 3338 676 3413 Jovem
690 3334 828 3396 manibus
842 3335 968 3413 supplex
981 3353 1081 3395 orasse
1095 3334 1227 3414 supinis:
1401 3364 1439 3404 a,

455 3429 594 3506 Juppiter
608 3427 807 3505 omnipotens,
822 3428 872 3488 cui
885 3446 966 3488 nunc
981 3427 1135 3490 Maurusia
1147 3428 1235 3507 pictis

457 3525 542 3585 Gens
557 3522 676 3599 epulata
689 3522 760 3581 toris
775 3524 928 3581 Lenaeum
942 3522 1016 3582 libat
1029 3523 1184 3596 honorem,

458 3614 599 3693 Adspicis
613 3616 707 3675 haec?
728 3634 766 3675 an
781 3626 819 3689 te,
833 3614 958 3693 genitor,
975 3633 1066 3692 quum
1081 3615 1206 3675 fulmina
1219 3625 1347 3693 torques,

458 3708 672 3786 Nequidquam
685 3706 857 3782 horremust,
862 3706 1005 3784 caecique
1019 3708 1051 3768 in
1065 3708 1195 3769 nubibus
1209 3708 1293 3787 ignes

457 3801 632 3862 Terrificant
646 3800 762 3861 animos
776 3812 806 3861 et
819 3800 920 3861 inania
932 3813 1084 3861 murmura
1097 3801 1245 3863 miscent?
1403 3831 1443 3860 ,ιο
1525 3840 1528 3844 ·

449 3895 592 3969 -Femina,
608 3914 685 3972 quae
698 3893 807 3953 nostris
820 3912 921 3954 errans
935 3892 967 3953 in
981 3893 1089 3955 finibus
1102 3894 1207 3955 urbem

459 3989 604 4068 Exiguam
618 3986 715 4067 pretio
728 3986 837 4066 posuit,
851 3987 900 4049 cni
914 3987 985 4049 litus
998 3988 1143 4050 arandum
