3550 4859
715 549 924 597 munuum.
947 550 1005 595 ua
1028 550 1056 594 v.
1337 552 1376 610 3⁹

399 695 519 763 Excutit
533 697 660 758 obscura
673 695 781 758 tinctas
795 695 941 774 lanugine
954 695 1096 769 habenas,

398 794 514 868 Perque
529 791 612 850 lacus
626 791 704 851 altos
715 800 747 851 et
760 788 873 851 olentia
885 789 994 851 sulfure
1008 789 1098 851 fertur
1243 824 1245 828 ·
1340 817 1377 854 os

399 887 508 962 Stagna
523 883 700 958 Palicorum,
715 891 802 961 rupta
815 881 960 944 ferventia
972 893 1057 956 terra,

400 979 439 1037 Et
453 996 513 1055 qna
527 976 722 1051 Bacchiadae,
737 975 843 1037 bimari
855 994 930 1053 gens
944 986 1010 1036 orta
1024 973 1178 1048 Corintho,

399 1073 483 1130 Inter
496 1069 667 1146 inaequales
681 1079 845 1147 posueram
857 1067 979 1129 moenia
991 1079 1101 1145 portus

440 1165 495 1225 Fst
508 1162 640 1222 medium
652 1164 771 1240 Cyanes
785 1173 816 1222 et
830 1162 952 1223 Pisaeae
966 1161 1142 1234 Arethusae,

400 1257 492 1334 Quod
506 1255 568 1316 coit
581 1255 713 1333 angustis
726 1254 875 1317 inclusum
888 1253 1041 1328 cornibus:
1053 1273 1182 1331 aequor:
1339 1282 1378 1321 410

400 1348 463 1410 Hic
477 1348 539 1424 fuit,
555 1368 574 1409 a
587 1350 672 1426 cujus
687 1359 824 1426 stagnum
838 1367 958 1425 quoque
972 1347 1094 1408 nomine
1109 1348 1223 1409 dictum
1237 1356 1291 1422 est,

401 1445 485 1503 Inter
498 1441 641 1503 Sicelidas
656 1442 759 1519 Cyane
773 1440 965 1503 celeberrima
979 1441 1144 1520 Nymphas.

400 1535 525 1614 Gurgite
539 1554 616 1612 qnae
629 1535 731 1597 medio
745 1545 961 1596 summatenus
975 1533 1086 1596 exstitit
1099 1535 1176 1608 alvo,

401 1627 593 1707 Agnovitque
608 1629 705 1703 deam,
721 1631 787 1690 Nec
802 1627 919 1706 longius
932 1626 1032 1689 ibitis:
1051 1626 1157 1704 inquit,

401 1723 473 1782 Non
487 1731 574 1799 potes
587 1720 697 1783 invitae
711 1721 828 1783 Cereris
842 1740 934 1799 gener
947 1739 1031 1782 esse:
1052 1721 1195 1798 roganda,

402 1817 474 1876 Non
489 1813 634 1893 rapienda
646 1813 709 1874 fuit
753 1815 844 1891 Quod
858 1813 883 1875 si
897 1833 1079 1892 componere
1092 1813 1207 1892 magnis

401 1911 497 1968 Parva
510 1906 582 1967 mihi
594 1908 640 1971 fas
654 1917 708 1981 est,
724 1917 754 1969 et
768 1927 817 1969 me
830 1907 934 1970 dilexit
946 1907 1080 1984 Anapis;

402 2003 534 2062 Exorata
547 2012 648 2062 tamen
661 2021 727 2076 nec,
742 2011 776 2062 ut
789 2001 873 2075 haec,
889 2000 1026 2062 exterrita
1039 2000 1136 2079 nupsi.

401 2093 494 2168 Dixit,
510 2104 540 2156 et
553 2094 585 2155 in
599 2104 698 2172 partes
711 2095 842 2157 diversas
855 2093 978 2157 brachia
990 2095 1118 2157 tendens

402 2187 534 2250 Obstitit
578 2187 673 2251 Haud
686 2188 763 2251 ultra
775 2187 871 2249 tenuit
884 2185 1037 2249 Saturnius
1051 2186 1134 2260 iram

401 2280 621 2361 Terribilesque
634 2281 769 2343 hortatus
782 2299 885 2358 equos,
898 2279 929 2344 in
942 2279 1063 2358 gurgitis
1078 2279 1139 2341 ima

403 2376 582 2435 Contortum
595 2373 697 2437 valido
711 2385 860 2452 sceptrum
874 2375 972 2451 regale
986 2375 1099 2435 lacerto

403 2467 567 2529 Condidit:
586 2466 647 2529 icta
659 2467 739 2528 viam
753 2468 840 2529 tellus
854 2467 885 2529 in
900 2470 1024 2530 Tartara
1037 2467 1115 2541 fecit,

403 2563 443 2624 Et
456 2580 568 2639 pronos
581 2579 682 2625 currus
695 2559 797 2623 medio
811 2571 923 2625 cratere
937 2561 1057 2640 recepit

404 2657 446 2715 At
460 2655 572 2732 Cyane,
587 2664 762 2731 raptamque
776 2653 865 2717 deam
879 2665 1090 2730 contemtaque
1104 2649 1196 2713 fontis

402 2749 476 2824 Jura
490 2746 535 2806 sui
550 2765 694 2820 maerens,
707 2745 923 2810 inconsolabile
937 2742 1044 2806 virlnus

405 2842 511 2900 Mente
524 2838 599 2917 gerit
613 2839 711 2914 tacita,
726 2839 914 2917 lacrimisque
928 2837 1092 2899 absumitur
1104 2835 1211 2911 omnis,

404 2935 453 3007 Et,
468 2951 592 3009 quarum
606 2933 701 2993 suerat
714 2951 854 3010 magnum
868 2931 962 2993 modo
975 2950 1095 3006 numen,
1111 2929 1142 2991 in
1156 2929 1221 2993 illas

405 3028 590 3093 &tenuatur
603 3045 703 3103 aquas
747 3024 859 3087 Molliri
872 3026 1008 3087 membra
1020 3023 1146 3098 videres,

404 3119 484 3180 Ossa
497 3117 560 3196 pati
573 3119 677 3202 flexus,
690 3137 806 3197 ungues
819 3117 954 3196 posuisse
968 3117 1114 3196 rigorem:

405 3212 564 3289 Primaque
578 3212 617 3275 de
630 3221 696 3273 tota
708 3211 880 3276 tenuissima
893 3230 1030 3289 quaeque
1043 3211 1220 3288 liquescunt,

406 3303 546 3367 Caenrlei
559 3303 655 3367 crines
669 3299 813 3382 digitique
826 3314 857 3367 et
869 3323 955 3365 crura
967 3305 1139 3381 pedesque:

299 3390 307 3405 ⁶
406 3399 487 3458 Nam
500 3396 599 3458 brevis
612 3397 644 3457 in
658 3397 771 3475 gelidas
784 3396 926 3459 membris
940 3396 1066 3457 exilibus
1079 3396 1176 3457 undas

406 3489 563 3551 Transitus
576 3501 632 3555 est
673 3490 746 3551 Post
759 3489 834 3553 haec
848 3489 964 3552 humeri
977 3499 1153 3567 tergumque
1167 3488 1303 3566 latusque

408 3585 596 3661 Pectoraque
610 3582 641 3643 in
655 3593 759 3645 tenues
772 3584 885 3648 abeunt
898 3582 1026 3644 evanida
1038 3581 1138 3656 rivos;
1346 3608 1384 3649 4³5

407 3675 549 3754 Denique
563 3695 617 3754 pro
631 3675 700 3736 vivo
714 3674 831 3739 vitiatas
844 3675 987 3752 sanguine
1001 3694 1093 3736 venas
1395 3751 1398 3760 .

408 3769 547 3849 Lympha
561 3768 649 3843 subit,
664 3779 814 3846 restatque
828 3767 902 3829 nihil
916 3768 998 3844 quod
1011 3768 1156 3846 prendere
1170 3765 1274 3845 possis

449 3865 570 3930 Interea
581 3862 709 3941 pavidae
723 3861 923 3939 nequicquam
936 3860 996 3923 filia
1009 3860 1095 3922 matri

409 3955 559 4019 Omnibus
573 3966 618 4016 est
631 3953 723 4030 tertis,
738 3953 821 4017 omni
834 3953 970 4032 quaesita
980 3954 1138 4032 profundo.
