3550 4859
710 580 917 624 unrxrrosau.
943 581 1001 624 xm
1023 580 1067 624 xx
1341 583 1377 643 55

403 728 455 788 Nil
468 726 525 787 uisi
539 724 680 787 cedentes
695 724 796 786 infelix
810 725 912 803 arripit
926 745 1020 787 auras

400 823 530 899 Jamque
544 819 650 879 itemm
664 818 795 880 moriens
809 839 871 880 non
885 831 931 880 est
945 820 983 881 de
997 822 1125 898 conjuge
1139 819 1300 897 quicquam
1355 838 1381 876 a,

401 916 519 990 Questa
532 931 607 973 suo:
621 912 694 990 quid
708 911 788 972 euim
802 912 860 973 nisi
874 933 906 974 se
921 925 1093 991 quereretur
1106 916 1256 976 amatam?

400 1010 637 1085 Supremumque
650 1007 726 1079 vale,
741 1006 825 1082 quod
837 1008 900 1082 jam
914 1006 963 1067 vix
977 1006 1098 1074 auribus
1109 1007 1160 1066 ille

400 1100 569 1178 Acciperet,
585 1098 667 1172 dixit,
683 1100 874 1175 revolutaque
888 1118 986 1159 mrsus
1001 1100 1107 1160 eodem
1123 1111 1176 1162 est.

401 1195 473 1254 Non
489 1193 573 1253 aliter
587 1191 698 1269 stupuit
711 1192 831 1268 gemina
844 1211 919 1253 nece
934 1193 1069 1271 conjugis
1084 1193 1231 1270 Orpheus,

400 1288 501 1363 Quam
515 1285 571 1346 tria
585 1285 636 1362 qui
651 1285 780 1358 timidus,
796 1285 897 1346 medio
913 1296 1049 1363 portante
1063 1296 1192 1359 catenas,
1355 1305 1380 1354 σς
1472 1348 1479 1362 ,

399 1381 490 1442 Colla
504 1379 588 1439 canis
602 1378 693 1438 vidit:
711 1398 800 1455 quem
816 1397 877 1438 nou
893 1398 985 1455 pavor
999 1388 1068 1439 ante
1083 1378 1209 1456 reliquit,

399 1475 501 1549 Quam
516 1483 620 1532 natura
633 1471 720 1549 prior,
736 1491 810 1532 saxo
824 1491 998 1550 percorpus
1012 1473 1140 1547 oborto;

399 1566 522 1643 Quique
537 1565 568 1625 in
582 1584 614 1626 se
628 1564 740 1626 crimen
754 1565 842 1625 traxit
855 1566 1008 1641 voluitque
1023 1564 1116 1625 videri

399 1660 516 1721 Olenos
530 1678 595 1719 esse
610 1677 731 1732 nocens,
747 1669 847 1735 tuque,
863 1678 883 1719 o
898 1660 1012 1719 confisa
1026 1659 1136 1737 figurae

399 1752 511 1813 Infelix
526 1752 659 1812 Lethaea
672 1762 749 1825 tuae,
762 1750 949 1830 junctissima
964 1752 1116 1828 quondam
1357 1783 1381 1820 φο

400 1848 537 1919 Pectora,
554 1864 633 1904 nuuc
648 1844 771 1921 lapides,
785 1864 861 1921 quos
874 1844 998 1905 humida
1012 1844 1139 1905 sustinet
1153 1845 1218 1907 Ide.

400 1940 547 2001 Orantem
560 1939 724 2014 frustraque
738 1936 844 1998 iterum
859 1937 981 1998 transire
996 1938 1147 1999 volentem

401 2031 532 2092 Portitor
546 2041 698 2104 arcuerat3
718 2041 834 2106 septem
845 2042 949 2091 tamen
964 2030 1013 2090 ille
1028 2032 1135 2092 diebus

401 2123 560 2202 Squalidus
574 2124 605 2183 in
619 2120 684 2201 ripa
697 2123 814 2184 Cereris
828 2122 892 2183 sine
908 2143 1028 2185 munere
1043 2125 1138 2184 sedit:

402 2220 482 2279 Cura
496 2217 642 2294 dolorque
657 2215 748 2276 animi
762 2215 960 2293 lacrimaeque
977 2217 1119 2277 alimenta
1132 2217 1220 2277 fuere.
1356 2246 1380 2284 ,ς

402 2313 477 2371 Esse
491 2310 565 2371 deos
580 2308 670 2370 Erebi
684 2310 820 2370 crudeles
834 2320 964 2387 questus,
980 2309 1012 2369 in
1026 2311 1116 2371 altam

402 2406 442 2466 Se
457 2402 562 2481 recipit
576 2402 749 2480 Rhodopen
763 2403 942 2481 pulsumque
957 2402 1158 2480 Aquilonibus
1174 2402 1324 2465 Haemon.

502 2494 520 2526 ἱ
661 2492 679 2524 ⁴}
820 2493 837 2526 ὓ
978 2494 995 2527 «Ι
1136 2494 1154 2526 ⁴}

768 2859 918 2920 LIBER
946 2860 1012 2920 XI.

399 3058 557 3119 merrun
571 3056 644 3118 dum
657 3054 710 3117 tali
723 3056 812 3118 silvas
826 3057 1004 3135 animosque
1018 3058 1144 3119 ferarum

397 3150 558 3211 Threicius
572 3160 655 3211 vates
669 3139 704 3210 et'
713 3168 784 3211 saxa
797 3150 954 3227 sequentia
967 3150 1058 3227 ducit,

398 3245 483 3305 Fcce
497 3263 589 3304 nurus
604 3243 761 3316 Ciconum,
777 3254 874 3304 tectae
888 3244 1045 3322 lymphata
1055 3243 1157 3305 ferinis

400 3338 530 3397 Pectora
542 3336 708 3409 velleribus,
724 3336 829 3397 tumuli
843 3338 883 3398 de
897 3337 1008 3397 vertice
1022 3346 1148 3398 cernunt

399 3430 526 3508 Orphea
538 3428 685 3507 percussis
699 3429 863 3490 sociantem
878 3430 1014 3490 carmina
1024 3430 1130 3491 nervis.

400 3524 430 3581 E
443 3522 551 3599 quibus
565 3541 633 3595 una,
650 3523 745 3582 levem
758 3524 871 3599 jactato
886 3524 968 3583 crine
982 3543 1035 3600 per
1048 3541 1159 3595 auram,

400 3616 459 3689 En,
475 3614 525 3689 ait,
540 3634 578 3675 en
592 3615 641 3674 hic
655 3625 702 3675 est
715 3614 807 3675 nostri
821 3620 1006 3676 contemtor!
1028 3627 1059 3676 et
1072 3616 1191 3676 hastam

398 3707 488 3769 Vatis
503 3707 656 3786 Apollinei
669 3707 785 3768 vocalia
798 3708 878 3769 misit
892 3708 922 3768 in
936 3728 997 3782 ora,

399 3803 489 3877 Quae
503 3800 581 3862 foliis
595 3810 734 3878 praesuta
746 3812 849 3862 uotam
864 3800 929 3861 sine
943 3802 1063 3861 vulnere
1078 3800 1154 3861 fecit

398 3894 533 3956 Alterius
547 3896 638 3955 telum
652 3892 728 3970 lapis
742 3905 795 3967 est,
811 3894 862 3970 qui
876 3894 985 3954 missus
998 3892 1030 3954 in
1044 3893 1110 3970 ipso

399 3992 483 4050 Aere
497 3997 648 4050 mutu
659 3985 756 4048 victus
769 3986 912 4065 vocisque
926 3989 1065 4065 lyraeque
1079 3997 1134 4061 est,
