3550 4859
447 552 494 605 40'
783 550 818 593 Ρ.·
830 549 931 594 OVlDH
953 549 1089 593 timonis

449 695 535 754 Illam
550 712 612 754 non
626 693 693 754 udis
707 694 829 755 veniens
841 697 960 756 Aurora
972 694 1087 772 capillis

449 791 624 849 Cessantem
638 788 721 863 vidit,
736 805 798 849 non
814 790 990 865 Hesperns;
1009 788 1061 848 illa
1073 788 1190 848 duabus

449 881 651 942 Flammiferas
665 881 752 958 pinus
766 882 906 943 manibus
919 881 1075 942 succendit
1088 882 1127 942 ab
1141 884 1249 955 Aetna,

449 978 564 1052 Perque
578 974 732 1052 pruinosas
746 974 813 1035 tulit
826 974 984 1052 irrequieta
998 976 1154 1048 tenebras3

449 1070 573 1142 Rursus,
589 1067 641 1128 ubi
655 1069 734 1127 alum
747 1068 812 1128 dies
825 1069 981 1129 hebetarat
994 1068 1099 1142 sidera,
1114 1079 1216 1127 natam

369 1237 372 1244 Ι
450 1160 528 1222 Solis
543 1161 581 1220 ad
596 1179 720 1220 occasus
734 1159 807 1220 solis
821 1162 983 1237 quaerebat
996 1162 1035 1221 ab
1049 1172 1123 1221 ortu.

450 1256 541 1315 Fessa
554 1254 655 1314 labore
669 1253 747 1313 sium
761 1254 930 1331 collegerat,
945 1271 1057 1330 oraque
1071 1253 1144 1313 nulli

450 1348 622 1407 Colluerant
635 1348 742 1421 fontes,
758 1366 850 1423 quum
863 1357 975 1407 tectam
989 1346 1129 1408 stramine
1143 1346 1218 1407 vidit

450 1442 538 1500 Forte
552 1459 661 1515 casam,
677 1458 843 1517 parvasque
856 1441 936 1499 fores
948 1439 1076 1516 pulsavit
1089 1462 1095 1499 :
1115 1451 1146 1500 at
1159 1438 1230 1500 inde

450 1533 552 1594 Prodit
566 1553 649 1608 anus,
665 1533 824 1610 divamque
837 1533 929 1607 videt,
944 1534 1157 1610 lymphamque
1170 1533 1286 1610 roganti

450 1626 546 1686 Dulce
561 1626 652 1701 dedit,
668 1637 747 1687 tosta
760 1626 843 1704 qnod
856 1636 977 1686 coxerat
991 1636 1060 1686 ante
1074 1627 1204 1703 polenta

450 1720 531 1778 Dum
545 1718 622 1780 bibit
635 1720 687 1780 illa
699 1720 812 1793 datum,
827 1718 893 1779 duri
907 1738 981 1796 puer
993 1718 1052 1779 oris
1066 1729 1097 1779 et
1111 1720 1209 1779 audax

451 1811 594 1873 Constitit
607 1822 677 1874 ante
691 1813 787 1887 damn,
802 1811 1116 1889 risitque‘avidamque
1130 1812 1256 1873 vocavit

450 1904 574 1965 Offensa
587 1916 641 1980 est,
656 1925 754 1983 neque
768 1905 866 1965 adhuc
880 1916 970 1982 epota
983 1916 1067 1983 parte
1081 1906 1253 1982 loquentem

451 2002 529 2060 Cum
543 2000 657 2078 liquido
671 2001 763 2064 mixta
775 2001 905 2079 perfudit
918 2001 989 2062 diva
1001 2002 1130 2079 polenta

451 2093 604 2155 Combibit
618 2113 652 2155 os
666 2096 807 2168 maculas,
822 2104 861 2169 et,
877 2113 937 2171 qua
950 2096 1043 2155 modo
1055 2094 1179 2155 brachia
1185 2096 1290 2172 gessit,

451 2188 545 2248 Crura
557 2186 650 2265 gerit3
671 2187 768 2248 cauda
781 2198 827 2248 est
840 2187 961 2247 mutatis
976 2187 1078 2248 addita
1091 2188 1251 2264 membris3
1312 2231 1315 2236 ,

451 2283 548 2357 Inque
562 2282 684 2341 brevem
698 2281 833 2356 sormam,
848 2300 888 2341 ne
903 2280 941 2341 sit
954 2280 999 2341 vis
1011 2299 1121 2358 magna
1135 2281 1273 2356 nocendi,

451 2373 650 2448 Contrahitur‚
666 2392 816 2451 parvaque
830 2373 928 2433 minor
940 2391 1079 2434 mensura
1092 2376 1202 2434 lacerta
1216 2386 1268 2435 est

451 2466 613 2527 Mirantem
627 2467 810 2545 flentemque
824 2477 855 2527 et
869 2478 989 2545 tangere
1004 2478 1137 2527 monstra
1150 2479 1304 2544 parantem

451 2559 538 2637 Fugit
552 2578 650 2634 anum,
666 2561 871 2638 latebramque
884 2559 960 2638 petit
973 2570 1137 2637 aptumque
1151 2560 1244 2620 colori

389 2725 392 2730 ⁴
451 2654 571 2713 Nomen
585 2652 685 2727 habet,
699 2652 788 2713 variis
802 2654 936 2713 stellatus
950 2671 1075 2731 corpora
1088 2653 1186 2730 guttis

491 2747 574 2820 Quas
589 2745 646 2805 dea
659 2765 714 2823 per
727 2757 819 2806 terras
833 2757 864 2807 et
877 2735 952 2823 quas
965 2745 1103 2807 erraverit
1116 2747 1220 2820 undas,

451 2838 559 2898 Dicere
573 2839 664 2915 longa
676 2857 761 2898 mora
774 2850 819 2899 est
832 2861 839 2898 ε
858 2838 1013 2916 quaerenti
1027 2839 1121 2900 defuit
1134 2840 1222 2900 orbis.

451 2931 598 2992 Sicaniam
612 2930 727 3008 repetit,
742 2933 874 3009 dumque
888 2932 990 2992 omnia
1004 2933 1107 2993 lustrat
1120 2934 1230 3007 eundo,

341 3072 344 3078 .
450 3023 542 3084 Venit
556 3035 586 3084 et
600 3024 638 3084 ad
654 3026 785 3103 Cyanen
829 3027 883 3099 Ea,
898 3024 929 3083 ni
943 3035 1058 3085 mutata
1070 3025 1181 3100 lirisset,

452 3116 562 3178 Omnia
575 3128 740 3191 narrasset3
760 3117 812 3178 sed
827 3128 858 3177 et
871 3137 906 3178 os
920 3128 950 3178 et
964 3118 1065 3196 lingua
1076 3118 1189 3180 volenti
1268 3190 1271 3193 y

452 3209 560 3270 Dicere
574 3228 637 3269 non
650 3210 782 3284 aderant,
797 3230 854 3271 nec
868 3230 930 3288 quo
944 3212 1115 3288 loqueretur
1126 3212 1263 3273 babebat

451 3303 541 3380 Signa
555 3312 654 3362 tamen
669 3303 825 3364 manilesta
838 3304 930 3378 dedit,
946 3314 1108 3382 notamque
1122 3305 1247 3383 parenti,

448 3397 511 3456 vIllo
525 3397 600 3455 forte
615 3396 684 3455 loco
697 3396 851 3473 delapsam
865 3395 897 3455 in
911 3396 1025 3473 gurgite
1039 3417 1134 3473 sacro,

453 3489 659 3566 Persephones
673 3506 781 3549 zonam
795 3488 919 3549 summis
932 3491 1064 3552 ostendit
1078 3491 1109 3550 in
1122 3491 1220 3551 undis.
1393 3523 1432 3560 ⁴70

453 3583 552 3657 Quam
567 3581 654 3641 simul
668 3581 797 3659 agnovit,
806 3593 999 3660 -tanquam
1013 3594 1077 3643 turn
1090 3584 1221 3662 denique
1235 3594 1350 3663 raptam

453 3673 570 3749 Scisset,
579 3675 781 3736 -inornatos
795 3675 917 3736 laniavit
930 3675 1001 3736 diva
1013 3676 1146 3753 capillos,

454 3770 493 3828 Et
506 3766 632 3845 repetita
645 3767 705 3830 suis
718 3768 863 3846 percussit
876 3780 999 3846 pectora
1011 3768 1127 3846 palmis

454 3862 520 3921 Nec
535 3860 590 3921 scit
604 3862 701 3921 adhuc
716 3863 767 3923 ubi
781 3862 838 3937 sit;
857 3873 949 3923 terras
963 3873 1064 3923 tamen
1078 3862 1212 3941 increpat
1225 3883 1339 3941 omnes,

454 3956 648 4033 Ingratasque
663 3966 751 4017 vocat
764 3975 820 4017 nec
835 3958 952 4035 frugum
964 3976 1087 4018 munere
1101 3957 1215 4036 dignas,
1309 3971 1313 3976 '
1392 3977 1436 4027 us'
