3550 4859
697 571 908 618 ΙΙΤΝΟΕΡΗ.
928 571 987 617 m.
1011 571 1078 617 vm.

399 718 551 798 Quodque
565 735 638 780 enne
651 719 763 797 conjux
775 718 860 797 riguo
874 720 1034 797 collegerat
1046 719 1143 793 borto,

397 814 532 874 Truncat
545 813 612 873 olus
626 811 711 873 olle
755 814 852 873 Furca
865 814 945 874 levin
958 813 1008 873 ille
1020 811 1136 873 bicorni

397 905 525 968 Sordida
538 916 621 983 terga
635 904 705 980 suis,
720 904 805 982 nigro
819 905 982 983 pendentia
995 905 1088 984 tigno,

397 1001 581 1075 Servatoque
595 997 647 1060 diu
660 1009 776 1059 rerem
790 999 828 1059 de
843 1010 960 1076 tergore
972 1010 1088 1077 partem

398 1092 554 1171 Exiguam,
570 1102 743 1169 sectamque
758 1091 861 1152 domat
874 1092 1059 1153 ferventibus
1071 1091 1169 1153 undio

397 1186 520 1245 Interea
534 1184 649 1244 medias
662 1185 768 1244 fallunt
781 1184 971 1246 sermonibus
983 1186 1081 1259 borao,

398 1277 569 1355 Sentirique
583 1295 698 1337 moram
711 1277 879 1355 prohibent
923 1280 994 1339 Erat
1008 1280 1109 1339 alveus
1122 1276 1183 1338 illic

396 1370 556 1448 Fagineus,
571 1370 646 1430 dura
659 1371 745 1431 clavo
758 1389 921 1448 suspensus
935 1373 975 1432 ab
988 1389 1079 1432 anea:

396 1466 431 1523 Is
446 1462 556 1540 tepidis
570 1461 709 1539 impletur
721 1462 817 1540 aquis,
832 1474 972 1541 utraque
985 1465 1132 1525 fovendos

396 1556 529 1633 Accipit
573 1558 612 1616 ln
625 1556 727 1616 medio
740 1567 823 1617 torus
837 1567 883 1617 est
897 1558 936 1618 de
950 1558 1089 1619 mollibus
1102 1556 1186 1631 ulvis,

396 1650 564 1727 Impositus
578 1650 666 1723 lecto,
681 1651 800 1727 sponda
811 1649 1000 1727 pedibusque
1014 1650 1154 1728 salignis:

395 1742 543 1803 Vestibus
556 1743 636 1803 hunc
649 1744 758 1817 velant,
774 1762 849 1819 quas
863 1762 926 1803 non
940 1742 998 1804 nisi
1010 1754 1144 1822 ternpore
1158 1746 1237 1805 festo

398 1838 540 1898 Sternere
554 1846 733 1896 consuerant
741 1858 751 1910 3
770 1837 825 1896 sed
840 1848 870 1897 et
883 1837 959 1897 haec
974 1836 1098 1915 vilisque
1113 1848 1258 1915 vetusque

397 1929 505 1990 Vestis
518 1939 589 2003 erat,
604 1930 684 1989 lecto
697 1947 760 1988 non
774 1928 958 2007 indignanda
971 1930 1093 2009 saligno.

397 2023 579 2083 Accubuere
593 2020 662 2082 dei:
682 2039 817 2081 mensam
830 2022 984 2083 succincta
997 2034 1188 2102 tremensque

399 2114 493 2176 Ponit
505 2133 598 2189 anus3
618 2132 740 2175 mensae
754 2116 808 2175 sed
822 2126 884 2175 erat
898 2132 953 2193 pet
966 2118 1071 2178 tertius
1084 2118 1198 2196 impar:

398 2210 496 2269 Testa
508 2227 610 2285 parem
624 2207 703 2267 fecit
746 2210 832 2283 Quae
846 2220 1005 2286 postquam
1019 2212 1142 2272 subdita
1153 2210 1263 2271 olivum

398 2300 535 2375 Sustulit,
550 2310 708 2377 aequatam
721 2312 840 2361 mentae
854 2311 964 2363 tersere
976 2302 1112 2364 virentes

401 2394 528 2455 Ponitur
540 2392 590 2454 hic
603 2392 719 2454 bicolor
732 2394 864 2455 sincerae
877 2397 973 2456 bacca
987 2396 1152 2470 Minervae,

400 2487 594 2563 Conditaque
608 2486 638 2546 in
653 2486 766 2563 liquida
779 2506 871 2547 coma
883 2490 1066 2550 aunmnalia
1077 2490 1170 2563 faece,

400 2581 576 2657 Intubaque
591 2590 621 2640 et
633 2580 718 2642 mdix
731 2591 762 2641 et
776 2581 860 2641 lactis
873 2600 974 2643 massa
985 2582 1090 2657 coacti,

401 2674 532 2750 Ovaque
545 2691 608 2732 non
621 2672 682 2733 acri
695 2672 799 2733 leviter
811 2685 929 2736 versata
944 2675 1060 2737 ovilla:
1125 2701 1132 2728 e

402 2767 517 2829 Omnia
530 2765 676 2826 fictilibus.
722 2768 795 2827 Post
808 2768 884 2828 haec
898 2769 1030 2829 caelatus
1042 2768 1152 2829 eodem

401 2859 522 2921 Sistitur
534 2869 656 2937 argento
670 2870 773 2934 crater,
788 2860 990 2938 fabricataque
1003 2862 1073 2938 sago

403 2953 529 3027 Pocula,
544 2970 606 3029 qua
617 2972 691 3014 cava
704 2963 783 3027 sunt,
798 2954 977 3015 flaventibus
990 2953 1065 3014 illita
1076 2953 1161 3014 ceris.

403 3049 505 3106 Parva
517 3064 601 3105 mora
615 3056 668 3120 est,
683 3047 848 3124 epulasque
861 3046 921 3107 foci
935 3047 1042 3108 misere
1055 3048 1196 3107 calentes

404 3141 475 3200 Nec
489 3140 596 3215 longae
610 3158 709 3199 rursus
723 3140 888 3200 refemntur
901 3139 971 3200 vina
983 3151 1131 3213 senectae,

403 3234 551 3310 Dantque
565 3232 665 3292 locum
678 3232 790 3293 mensis
804 3234 936 3309 paullum
950 3234 1074 3295 seducta
1086 3231 1235 3293 secundis.

403 3326 471 3385 Hic
485 3345 554 3399 nux,
570 3325 620 3385 bic
634 3324 726 3385 mixta
740 3336 787 3386 est
800 3325 916 3403 rugosis
930 3325 1027 3386 carica
1040 3325 1155 3403 palmis,
1345 3343 1384 3392 on

403 3420 567 3495 Prunaque
581 3427 612 3479 et
626 3418 657 3477 in
670 3417 780 3495 patulis
793 3417 960 3479 redolentia
973 3420 1053 3479 mala
1064 3417 1209 3493 canistris,

404 3513 448 3570 Et
462 3511 501 3570 de
514 3511 670 3588 purpureis
684 3512 829 3571 collectae
842 3510 951 3571 vitibus
964 3530 1059 3587 uvae5

404 3603 565 3665 Candidus
579 3604 610 3663 in
625 3603 726 3664 medio
740 3605 825 3663 savus
838 3614 893 3664 est.
935 3606 1030 3681 Super
1043 3604 1145 3665 omnia
1156 3605 1257 3665 vultus

404 3699 573 3756 Accessere
586 3696 669 3769 boni,
684 3716 742 3757 nec
756 3697 834 3756 iners
850 3715 1022 3773 pauperque
1035 3699 1182 3758 voluntas.

405 3791 530 3849 Interea
543 3789 632 3849 toties
646 3790 785 3849 haustum
799 3789 1031 3866 ennaoepleri
1348 3797 1387 3848 1ο

404 3884 522 3960 Sponte
537 3901 591 3942 sua
605 3900 659 3960 per
671 3901 762 3959 seque
776 3881 880 3942 vident
893 3900 1077 3943 mocrercere
1090 3882 1178 3944 vina:
1367 3883 1370 3888 ’

404 3974 538 4036 Attoniti
547 3976 684 4038 novitate
696 3986 816 4055 pavent,
831 3975 1029 4053 manibusqoe
1040 3976 1157 4055 mpiuis
