3550 4859
704 564 877 619 ⁴an‘rrnrnos
897 575 957 620 nm.
974 576 1002 619 va

370 720 447 779 Inde
460 720 654 781 aliosineunt
666 739 769 782 cursus
783 721 918 799 aliosque
930 740 1068 783 recursus

365 811 496 875 Aduersi
511 814 624 893 spatiis,
640 816 830 893 alternosque
844 816 967 877 orbibus
980 817 1068 877 orbes

369 908 551 985 Impediunt,
567 927 744 986 pugnaeque
757 909 839 970 cient
852 909 1008 971 simulacra
1022 911 1078 969 sub
1091 908 1180 970 armis
1191 932 1200 987 3
1312 930 1350 981 ,as

368 1004 408 1062 Et
422 1022 502 1062 nunc
518 1017 601 1079 terga
614 1003 684 1079 luga
697 1003 820 1076 nudant,
835 1022 917 1063 nunc
931 1004 1045 1080 spicula
1058 1014 1175 1065 vertunt

368 1095 588 1170 Inlensi,·facta
601 1096 711 1173 pariter
724 1115 804 1156 nunc
818 1115 893 1173 pace
907 1098 1045 1157 feruntur.

367 1190 412 1248 Ut
426 1190 578 1265 quondam
594 1190 685 1249 Creta
698 1190 788 1248 fertur
803 1189 1002 1267 Labyrinthus
1017 1190 1047 1250 in
1062 1192 1123 1251 alta

368 1281 535 1350 Parietibus
550 1294 663 1342 textum
678 1281 776 1342 caecis
790 1282 853 1356 iter,
869 1282 1089 1360 ancipitemque

367 1374 453 1434 Mille
467 1374 523 1435 viis
538 1374 677 1434 habuisse
692 1376 802 1449 dolum,
818 1394 878 1451 qua
892 1372 976 1452 signa
990 1376 1135 1453 sequendi
1311 1379 1350 1446 sio

366 1468 494 1527 Falleret
508 1468 704 1545 indeprensus
718 1479 748 1528 et
761 1468 956 1529 irremeabilis
970 1489 1070 1546 error3
1327 1471 1330 1476 ⁴

366 1562 462 1621 Haud
474 1561 535 1621 alio
549 1563 699 1622 Teucrum
713 1561 775 1622 nati
789 1562 913 1639 vestigia
925 1580 1013 1622 cursu

367 1654 550 1731 Impediunt,
565 1666 729 1732 texuntque
743 1656 827 1731 sugas
841 1665 872 1714 et
885 1655 998 1731 proelia
1012 1657 1093 1729 lud0,

358 1747 551 1827 *Delphinum
566 1747 685 1822 similes,
701 1747 751 1825 qui
766 1767 820 1825 per
832 1747 926 1807 maria
940 1748 1063 1807 humida
1076 1750 1179 1809 nando

365 1840 559 1918 Carpathium
574 1841 780 1919 Libycumque
794 1851 898 1901 secant
913 1838 1091 1920 [luduntque
1105 1862 1159 1920 per
1171 1841 1289 1925 undas}
1309 1847 1346 1913 'm

364 1934 458 1994 Hunc
473 1954 587 1995 morem
602 1954 705 1994 cursus
719 1945 809 2011 atque
824 1935 899 1994 haec
912 1934 1076 1994 certamina
1089 1936 1201 2012 primus
1328 1940 1334 1953 “

363 2026 520 2102 Ascanius,
536 2030 672 2105 Longam
686 2027 778 2088 muris
792 2042 883 2104 quum
898 2027 1031 2107 cingeret
1045 2018 1163 2103 Albam,

363 2119 479 2181 Retulit
493 2130 523 2180 et
537 2120 651 2197 priscos
665 2120 767 2180 docuit
781 2122 932 2181 celebrare
947 2119 1080 2194 Latinos,
1190 2123 1197 2135 '

362 2212 435 2287 Quo
449 2232 523 2289 puer
536 2212 602 2290 ipse
616 2215 717 2288 modo,
733 2233 835 2274 secum
848 2231 911 2291 quo
925 2214 1018 2274 Troia
1031 2214 1146 2290 pubes3

361 2304 473 2364 Albani
488 2307 616 2366 docuere
629 2326 699 2367 suos
710 2328 719 2382 3
739 2308 809 2366 hinc
823 2308 953 2367 maxima
966 2325 1055 2383 porro

362 2398 492 2475 Accepit
506 2400 613 2473 Roma,
629 2410 660 2459 et
673 2399 802 2477 patrium
816 2399 944 2459 servavit
957 2400 1122 2473 honorem;
1183 2428 1195 2485 p

361 2492 514 2568 Trojaque
527 2511 608 2552 nunc
622 2492 715 2570 pueri,
731 2493 896 2569 Trojanum
910 2492 1017 2553 dicitur
1030 2509 1146 2570 agmen.

362 2585 434 2644 Hac
449 2586 599 2645 celebrata
612 2596 699 2646 tenus
713 2597 817 2646 sancto
831 2586 993 2646 certamina
1006 2584 1095 2663 patri-

403 2678 466 2738 Hic
479 2677 606 2755 primum
621 2681 754 2738 Fortuna
767 2680 857 2739 tidem
871 2690 985 2739 mutata
999 2679 1128 2739 novavit

362 2770 444 2829 Dum
458 2771 545 2831 variis
559 2772 674 2832 tumulo
687 2773 816 2832 referunt
830 2772 987 2833 sollemnia
1000 2773 1086 2847 ludis,

361 2863 435 2922 Irim
449 2864 488 2924 de
502 2866 588 2925 coelo
602 2865 684 2925 misit
697 2865 833 2926 Saturnia
845 2868 927 2942 Juno

362 2956 486 3017 Iliacam
500 2959 538 3018 ad
552 2959 687 3032 classem,
702 2970 867 3036 ventosque
881 2958 1013 3036 adspirat
1026 2957 1117 3033 eunti,

362 3051 461 3111 Multa
474 3070 606 3125 movens,
623 3053 750 3112 necdum
765 3052 920 3129 antiquum
934 3062 1064 3112 saturata
1077 3051 1221 3113 dolorem.

362 3145 427 3218 Illa,
443 3143 521 3203 viam
536 3145 670 3205 celerans
684 3164 738 3221 per
751 3146 832 3205 mille
846 3144 997 3205 coloribus
1010 3163 1119 3220 arcum,

362 3237 445 3296 Nulli
459 3238 523 3296 visa
536 3237 597 3297 cito
611 3238 738 3297 decurrit
752 3236 867 3298 tramite
881 3237 971 3315 virgo.

361 3329 518 3407 Conspicit
532 3330 681 3407 ingentem
696 3350 883 3405 concursum,
899 3341 930 3392 et
944 3330 1030 3390 litora
1044 3332 1155 3405 lustrat,

362 3424 564 3499 Desertosque
579 3424 659 3483 videt
673 3435 777 3500 portus
791 3426 976 3500 classemque
990 3423 1132 3485 relictam.

359 3516 401 3574 At
415 3516 519 3591 procul
533 3514 563 3575 in
578 3518 643 3575 sola
656 3526 787 3577 secretae
801 3517 936 3577 Troades
950 3527 1018 3576 acta

358 3608 512 3668 Amissum
526 3609 678 3670 Anchisen
692 3610 813 3685 flebant,
828 3620 1014 3687 cunctaeque
1028 3610 1209 3687 profundum

360 3702 490 3762 Pontum
505 3703 720 3780 adspectabant
734 3704 848 3763 flentes.
892 3704 964 3763 Heu
978 3714 1023 3763 tot
1035 3703 1115 3763 vada
1127 3702 1213 3765 fessis
1315 3703 1324 3735 ‘¹

360 3795 400 3853 Et
414 3804 528 3854 tantum
544 3815 697 3872 superesse
711 3796 819 3856 maris!
840 3796 1052 3855 vox‘omnibus
1065 3815 1132 3856 una

359 3888 475 3948 Urbem
490 3900 595 3963 orant3
615 3890 716 3950 taedet
729 3888 827 3966 pelagi
842 3889 971 3966 perferre
986 3890 1128 3950 laborem.

359 3981 439 4057 Ergo
453 3979 530 4042 inter
543 3982 658 4043 medias
672 3983 837 4051 sesebaud
846 3982 949 4060 ignaru
961 3980 1091 4048 nocendi
1106 4028 1110 4035 .
