<?xml version="1.0" encoding="UTF-8"?>
<!DOCTYPE html PUBLIC "-//W3C//DTD XHTML 1.0 Transitional//EN"
    "http://www.w3.org/TR/xhtml1/DTD/xhtml1-transitional.dtd">
<html xmlns="http://www.w3.org/1999/xhtml" xml:lang="en" lang="en">
 <head>
  <title>
</title>
<meta http-equiv="Content-Type" content="text/html;charset=utf-8" />
  <meta name='ocr-system' content='tesseract 3.04.00' />
  <meta name='ocr-capabilities' content='ocr_page ocr_carea ocr_par ocr_line ocrx_word'/>
</head>
<body>
  <div class='ocr_page' id='page_1' title='image "./selectionsfromo00rolfgoog_0029.png"; bbox 0 0 3550 4859; ppageno 0'>
   <div class='ocr_carea' id='block_1_1' title="bbox 713 546 1061 597">
    <p class='ocr_par' dir='ltr' id='par_1_1' title="bbox 713 546 1061 597">
     <span class='ocr_line' id='line_1_1' title="bbox 713 546 1061 597; baseline 0 -2"><span class='ocrx_word' id='word_1_1' title='bbox 713 549 922 596; x_wconf 67' lang='lat' dir='ltr'><strong>usum</strong></span> <span class='ocrx_word' id='word_1_2' title='bbox 944 549 1004 597; x_wconf 68' lang='lat' dir='ltr'><strong>HD.</strong></span> <span class='ocrx_word' id='word_1_3' title='bbox 1027 546 1061 595; x_wconf 73' lang='lat'><strong>11.</strong></span> 
     </span>
    </p>
   </div>
   <div class='ocr_carea' id='block_1_2' title="bbox 315 693 1381 3944">
    <p class='ocr_par' dir='ltr' id='par_1_2' title="bbox 396 693 1380 2172">
     <span class='ocr_line' id='line_1_2' title="bbox 396 693 1193 776; baseline -0.008 -13"><span class='ocrx_word' id='word_1_4' title='bbox 396 704 442 762; x_wconf 83' lang='lat' dir='ltr'><strong>At</strong></span> <span class='ocrx_word' id='word_1_5' title='bbox 456 711 496 776; x_wconf 89' lang='lat' dir='ltr'><strong>tu,</strong></span> <span class='ocrx_word' id='word_1_6' title='bbox 511 694 620 759; x_wconf 83' lang='lat' dir='ltr'><strong>funesti</strong></span> <span class='ocrx_word' id='word_1_7' title='bbox 632 711 673 759; x_wconf 92' lang='lat' dir='ltr'><strong>ne</strong></span> <span class='ocrx_word' id='word_1_8' title='bbox 686 693 743 758; x_wconf 80' lang='lat' dir='ltr'><strong>sim</strong></span> <span class='ocrx_word' id='word_1_9' title='bbox 756 696 811 759; x_wconf 88' lang='lat' dir='ltr'><strong>tibi</strong></span> <span class='ocrx_word' id='word_1_10' title='bbox 824 696 956 758; x_wconf 76' lang='lat' dir='ltr'><strong>mamonis</strong></span> <span class='ocrx_word' id='word_1_11' title='bbox 968 707 1080 771; x_wconf 80' lang='lat' dir='ltr'><strong>auctor,</strong></span> <span class='ocrx_word' id='word_1_12' title='bbox 1190 717 1193 722; x_wconf 64' lang='grc'><em>’</em></span> 
     </span>
     <span class='ocr_line' id='line_1_3' title="bbox 398 790 1172 870; baseline -0.004 -14"><span class='ocrx_word' id='word_1_13' title='bbox 398 798 489 870; x_wconf 89' lang='lat' dir='ltr'><strong>Nate,</strong></span> <span class='ocrx_word' id='word_1_14' title='bbox 505 812 586 867; x_wconf 81' lang='lat' dir='ltr'><strong>cave,</strong></span> <span class='ocrx_word' id='word_1_15' title='bbox 603 792 675 851; x_wconf 92' lang='lat' dir='ltr'><strong>dum</strong></span> <span class='ocrx_word' id='word_1_16' title='bbox 688 809 795 868; x_wconf 85' lang='lat' dir='ltr'><strong>resque</strong></span> <span class='ocrx_word' id='word_1_17' title='bbox 809 790 887 864; x_wconf 81' lang='lat' dir='ltr'><strong>sinit,</strong></span> <span class='ocrx_word' id='word_1_18' title='bbox 901 801 955 852; x_wconf 85' lang='lat' dir='ltr'><strong>tua</strong></span> <span class='ocrx_word' id='word_1_19' title='bbox 967 790 1080 868; x_wconf 75' lang='lat' dir='ltr'><strong>corrige</strong></span> <span class='ocrx_word' id='word_1_20' title='bbox 1091 800 1172 854; x_wconf 62' lang='lat' dir='ltr'><strong>vom</strong></span> 
     </span>
     <span class='ocr_line' id='line_1_4' title="bbox 398 884 1380 963; baseline -0.007 -14"><span class='ocrx_word' id='word_1_21' title='bbox 398 888 528 960; x_wconf 85' lang='lat' dir='ltr'>Scilicet,</span> <span class='ocrx_word' id='word_1_22' title='bbox 543 896 577 946; x_wconf 92' lang='lat' dir='ltr'><strong>ut</strong></span> <span class='ocrx_word' id='word_1_23' title='bbox 590 894 693 945; x_wconf 90' lang='lat' dir='ltr'><strong>nostro</strong></span> <span class='ocrx_word' id='word_1_24' title='bbox 706 884 839 962; x_wconf 74' lang='lat' dir='ltr'><strong>genitum</strong></span> <span class='ocrx_word' id='word_1_25' title='bbox 852 895 884 945; x_wconf 89' lang='lat' dir='ltr'><strong>te</strong></span> <span class='ocrx_word' id='word_1_26' title='bbox 897 884 1042 963; x_wconf 74' lang='lat' dir='ltr'><strong>sanguine</strong></span> <span class='ocrx_word' id='word_1_27' title='bbox 1054 884 1168 957; x_wconf 75' lang='lat' dir='ltr'><strong>credes,</strong></span> <span class='ocrx_word' id='word_1_28' title='bbox 1351 907 1380 950; x_wconf 73' lang='grc' dir='ltr'><strong><em>φ</em></strong></span> 
     </span>
     <span class='ocr_line' id='line_1_5' title="bbox 400 975 1186 1059; baseline -0.006 -17"><span class='ocrx_word' id='word_1_29' title='bbox 400 981 531 1059; x_wconf 83' lang='lat' dir='ltr'>Pignora</span> <span class='ocrx_word' id='word_1_30' title='bbox 544 989 625 1039; x_wconf 88' lang='lat' dir='ltr'><strong>certa</strong></span> <span class='ocrx_word' id='word_1_31' title='bbox 638 976 733 1055; x_wconf 83' lang='lat' dir='ltr'><strong>petis:</strong></span> <span class='ocrx_word' id='word_1_32' title='bbox 754 978 797 1038; x_wconf 93' lang='lat' dir='ltr'><strong>do</strong></span> <span class='ocrx_word' id='word_1_33' title='bbox 809 976 935 1055; x_wconf 76' lang='lat' dir='ltr'><strong>pignora</strong></span> <span class='ocrx_word' id='word_1_34' title='bbox 947 988 1029 1038; x_wconf 87' lang='lat' dir='ltr'><strong>certa</strong></span> <span class='ocrx_word' id='word_1_35' title='bbox 1042 975 1186 1049; x_wconf 86' lang='lat' dir='ltr'><strong>timendo,</strong></span> 
     </span>
     <span class='ocr_line' id='line_1_6' title="bbox 401 1069 1247 1151; baseline -0.005 -16"><span class='ocrx_word' id='word_1_36' title='bbox 401 1078 441 1135; x_wconf 95' lang='lat' dir='ltr'><strong>Et</strong></span> <span class='ocrx_word' id='word_1_37' title='bbox 455 1072 552 1151; x_wconf 91' lang='lat' dir='ltr'><strong>patrio</strong></span> <span class='ocrx_word' id='word_1_38' title='bbox 564 1081 651 1149; x_wconf 87' lang='lat' dir='ltr'><strong>pater</strong></span> <span class='ocrx_word' id='word_1_39' title='bbox 663 1087 729 1131; x_wconf 84' lang='lat' dir='ltr'><strong>esse</strong></span> <span class='ocrx_word' id='word_1_40' title='bbox 741 1080 824 1130; x_wconf 89' lang='lat' dir='ltr'><strong>metu</strong></span> <span class='ocrx_word' id='word_1_41' title='bbox 837 1072 955 1147; x_wconf 86' lang='lat' dir='ltr'><strong>probor.</strong></span> <span class='ocrx_word' id='word_1_42' title='bbox 999 1069 1133 1147; x_wconf 78' lang='lat' dir='ltr'><strong>Adspice</strong></span> <span class='ocrx_word' id='word_1_43' title='bbox 1145 1069 1247 1131; x_wconf 77' lang='lat' dir='ltr'><strong>vultus</strong></span> 
     </span>
     <span class='ocr_line' id='line_1_7' title="bbox 402 1163 1194 1242; baseline -0.005 -15"><span class='ocrx_word' id='word_1_44' title='bbox 402 1171 482 1227; x_wconf 88' lang='lat' dir='ltr'><strong>Ecce</strong></span> <span class='ocrx_word' id='word_1_45' title='bbox 496 1184 589 1240; x_wconf 81' lang='lat' dir='ltr'><strong>meos,</strong></span> <span class='ocrx_word' id='word_1_46' title='bbox 603 1164 777 1241; x_wconf 83' lang='lat' dir='ltr'><strong>utinamque</strong></span> <span class='ocrx_word' id='word_1_47' title='bbox 790 1164 896 1224; x_wconf 86' lang='lat' dir='ltr'><strong>oculos</strong></span> <span class='ocrx_word' id='word_1_48' title='bbox 909 1163 940 1223; x_wconf 92' lang='lat' dir='ltr'><strong>in</strong></span> <span class='ocrx_word' id='word_1_49' title='bbox 954 1174 1077 1242; x_wconf 86' lang='lat' dir='ltr'><strong>pectora</strong></span> <span class='ocrx_word' id='word_1_50' title='bbox 1088 1181 1194 1241; x_wconf 84' lang='lat' dir='ltr'><strong>posses</strong></span> 
     </span>
     <span class='ocr_line' id='line_1_8' title="bbox 403 1256 1227 1335; baseline -0.005 -15"><span class='ocrx_word' id='word_1_51' title='bbox 403 1263 538 1320; x_wconf 89' lang='lat' dir='ltr'><strong>Inserere</strong></span> <span class='ocrx_word' id='word_1_52' title='bbox 552 1269 582 1318; x_wconf 92' lang='lat' dir='ltr'><strong>et</strong></span> <span class='ocrx_word' id='word_1_53' title='bbox 596 1256 706 1335; x_wconf 82' lang='lat' dir='ltr'><strong>patrias</strong></span> <span class='ocrx_word' id='word_1_54' title='bbox 718 1256 799 1317; x_wconf 90' lang='lat' dir='ltr'><strong>intus</strong></span> <span class='ocrx_word' id='word_1_55' title='bbox 812 1256 997 1333; x_wconf 81' lang='lat' dir='ltr'>deprendere</span> <span class='ocrx_word' id='word_1_56' title='bbox 1010 1262 1113 1317; x_wconf 86' lang='lat' dir='ltr'><strong>curasl</strong></span> <span class='ocrx_word' id='word_1_57' title='bbox 1224 1295 1227 1299; x_wconf 31' lang='grc' dir='ltr'><strong><em>ι</em></strong></span> 
     </span>
     <span class='ocr_line' id='line_1_9' title="bbox 403 1348 1378 1429; baseline -0.002 -16"><span class='ocrx_word' id='word_1_58' title='bbox 403 1352 544 1429; x_wconf 91' lang='lat' dir='ltr'><strong>Denique</strong></span> <span class='ocrx_word' id='word_1_59' title='bbox 558 1349 701 1429; x_wconf 88' lang='lat' dir='ltr'><strong>quicquid</strong></span> <span class='ocrx_word' id='word_1_60' title='bbox 714 1349 806 1410; x_wconf 84' lang='lat' dir='ltr'><strong>habet</strong></span> <span class='ocrx_word' id='word_1_61' title='bbox 819 1350 912 1424; x_wconf 75' lang='lat' dir='ltr'><strong>diveS,</strong></span> <span class='ocrx_word' id='word_1_62' title='bbox 927 1349 1130 1427; x_wconf 69' lang='lat' dir='ltr'>circumspice,</span> <span class='ocrx_word' id='word_1_63' title='bbox 1144 1348 1283 1424; x_wconf 69' lang='lat' dir='ltr'><strong>mundus</strong></span> <span class='ocrx_word' id='word_1_64' title='bbox 1350 1375 1378 1419; x_wconf 76' lang='lat' dir='ltr'><strong>cs</strong></span> 
     </span>
     <span class='ocr_line' id='line_1_10' title="bbox 403 1442 1124 1523; baseline -0.006 -17"><span class='ocrx_word' id='word_1_65' title='bbox 403 1449 489 1523; x_wconf 83' lang='lat' dir='ltr'>Eque</span> <span class='ocrx_word' id='word_1_66' title='bbox 504 1456 549 1507; x_wconf 92' lang='lat' dir='ltr'><strong>tot</strong></span> <span class='ocrx_word' id='word_1_67' title='bbox 562 1463 598 1505; x_wconf 88' lang='lat' dir='ltr'><strong>ac</strong></span> <span class='ocrx_word' id='word_1_68' title='bbox 611 1443 702 1504; x_wconf 89' lang='lat' dir='ltr'><strong>tantis</strong></span> <span class='ocrx_word' id='word_1_69' title='bbox 715 1442 793 1503; x_wconf 85' lang='lat' dir='ltr'><strong>coeli</strong></span> <span class='ocrx_word' id='word_1_70' title='bbox 806 1452 961 1519; x_wconf 85' lang='lat' dir='ltr'><strong>terraeque</strong></span> <span class='ocrx_word' id='word_1_71' title='bbox 974 1442 1124 1519; x_wconf 79' lang='lat' dir='ltr'><strong>mariaque</strong></span> 
     </span>
     <span class='ocr_line' id='line_1_11' title="bbox 402 1535 1174 1613; baseline -0.006 -13"><span class='ocrx_word' id='word_1_72' title='bbox 402 1542 499 1600; x_wconf 89' lang='lat' dir='ltr'><strong>Posce</strong></span> <span class='ocrx_word' id='word_1_73' title='bbox 513 1538 601 1600; x_wconf 90' lang='lat' dir='ltr'><strong>bonis</strong></span> <span class='ocrx_word' id='word_1_74' title='bbox 615 1536 745 1613; x_wconf 84' lang='lat' dir='ltr'><strong>aliquid:</strong></span> <span class='ocrx_word' id='word_1_75' title='bbox 766 1537 878 1596; x_wconf 81' lang='lat' dir='ltr'>nullm</span> <span class='ocrx_word' id='word_1_76' title='bbox 887 1535 1005 1613; x_wconf 86' lang='lat' dir='ltr'><strong>patiere</strong></span> <span class='ocrx_word' id='word_1_77' title='bbox 1018 1537 1174 1613; x_wconf 75' lang='lat' dir='ltr'><strong>repulsam.</strong></span> 
     </span>
     <span class='ocr_line' id='line_1_12' title="bbox 402 1627 1185 1710; baseline -0.005 -18"><span class='ocrx_word' id='word_1_78' title='bbox 402 1635 557 1710; x_wconf 82' lang='lat' dir='ltr'>Deprecor</span> <span class='ocrx_word' id='word_1_79' title='bbox 569 1632 628 1691; x_wconf 91' lang='lat' dir='ltr'><strong>hoc</strong></span> <span class='ocrx_word' id='word_1_80' title='bbox 640 1631 742 1703; x_wconf 88' lang='lat' dir='ltr'><strong>unum,</strong></span> <span class='ocrx_word' id='word_1_81' title='bbox 759 1629 842 1705; x_wconf 93' lang='lat' dir='ltr'><strong>quod</strong></span> <span class='ocrx_word' id='word_1_82' title='bbox 855 1647 928 1689; x_wconf 86' lang='lat' dir='ltr'><strong>vero</strong></span> <span class='ocrx_word' id='word_1_83' title='bbox 941 1627 1064 1689; x_wconf 89' lang='lat' dir='ltr'><strong>nomine</strong></span> <span class='ocrx_word' id='word_1_84' title='bbox 1077 1647 1185 1705; x_wconf 84' lang='lat' dir='ltr'><strong>poena,</strong></span> 
     </span>
     <span class='ocr_line' id='line_1_13' title="bbox 401 1712 1347 1801; baseline -0.003 -15"><span class='ocrx_word' id='word_1_85' title='bbox 401 1728 474 1786; x_wconf 90' lang='lat' dir='ltr'><strong>Non</strong></span> <span class='ocrx_word' id='word_1_86' title='bbox 488 1726 651 1785; x_wconf 77' lang='lat' dir='ltr'><strong>honorent</strong></span> <span class='ocrx_word' id='word_1_87' title='bbox 695 1726 838 1796; x_wconf 86' lang='lat' dir='ltr'><strong>Poenam,</strong></span> <span class='ocrx_word' id='word_1_88' title='bbox 854 1721 1020 1796; x_wconf 64' lang='lat' dir='ltr'><strong>Phaethon,</strong></span> <span class='ocrx_word' id='word_1_89' title='bbox 1035 1712 1092 1799; x_wconf 84' lang='lat' dir='ltr'><strong>pro</strong></span> <span class='ocrx_word' id='word_1_90' title='bbox 1104 1739 1228 1783; x_wconf 83' lang='lat' dir='ltr'><strong>munere</strong></span> <span class='ocrx_word' id='word_1_91' title='bbox 1239 1722 1347 1801; x_wconf 75' lang='lat' dir='ltr'><strong>poscis</strong></span> 
     </span>
     <span class='ocr_line' id='line_1_14' title="bbox 402 1814 1380 1896; baseline -0.004 -18"><span class='ocrx_word' id='word_1_92' title='bbox 402 1819 484 1896; x_wconf 90' lang='lat' dir='ltr'><strong>Quid</strong></span> <span class='ocrx_word' id='word_1_93' title='bbox 498 1838 567 1879; x_wconf 90' lang='lat' dir='ltr'><strong>mea</strong></span> <span class='ocrx_word' id='word_1_94' title='bbox 580 1818 657 1878; x_wconf 91' lang='lat' dir='ltr'><strong>colla</strong></span> <span class='ocrx_word' id='word_1_95' title='bbox 671 1826 755 1877; x_wconf 85' lang='lat' dir='ltr'><strong>tenes</strong></span> <span class='ocrx_word' id='word_1_96' title='bbox 768 1814 897 1889; x_wconf 87' lang='lat' dir='ltr'><strong>blandis,</strong></span> <span class='ocrx_word' id='word_1_97' title='bbox 912 1814 1022 1892; x_wconf 85' lang='lat' dir='ltr'><strong>ignare,</strong></span> <span class='ocrx_word' id='word_1_98' title='bbox 1034 1814 1172 1876; x_wconf 76' lang='lat' dir='ltr'><strong>lacertis?</strong></span> <span class='ocrx_word' id='word_1_99' title='bbox 1340 1845 1380 1874; x_wconf 73' lang='lat' dir='ltr'><strong>m</strong></span> 
     </span>
     <span class='ocr_line' id='line_1_15' title="bbox 400 1908 1232 1988; baseline -0.006 -15"><span class='ocrx_word' id='word_1_100' title='bbox 400 1913 450 1973; x_wconf 95' lang='lat' dir='ltr'><strong>Ne</strong></span> <span class='ocrx_word' id='word_1_101' title='bbox 465 1911 586 1973; x_wconf 91' lang='lat' dir='ltr'><strong>dubita:</strong></span> <span class='ocrx_word' id='word_1_102' title='bbox 607 1910 774 1971; x_wconf 79' lang='lat' dir='ltr'><strong>dabitur-</strong></span> <span class='ocrx_word' id='word_1_103' title='bbox 783 1908 905 1988; x_wconf 77' lang='lat' dir='ltr'><strong>Stygias-</strong></span> <span class='ocrx_word' id='word_1_104' title='bbox 910 1908 1073 1987; x_wconf 81' lang='lat' dir='ltr'><strong>juravimus</strong></span> <span class='ocrx_word' id='word_1_105' title='bbox 1085 1908 1232 1969; x_wconf 83' lang='lat' dir='ltr'><strong>undas—-</strong></span> 
     </span>
     <span class='ocr_line' id='line_1_16' title="bbox 400 2001 1161 2082; baseline -0.005 -17"><span class='ocrx_word' id='word_1_106' title='bbox 400 2005 621 2082; x_wconf 89' lang='lat' dir='ltr'><strong>Quodcumque</strong></span> <span class='ocrx_word' id='word_1_107' title='bbox 636 2002 767 2080; x_wconf 52' lang='lat' dir='ltr'><strong>optarim</strong></span> <span class='ocrx_word' id='word_1_108' title='bbox 787 2003 843 2062; x_wconf 86' lang='lat' dir='ltr'><strong>sed</strong></span> <span class='ocrx_word' id='word_1_109' title='bbox 856 2012 889 2061; x_wconf 92' lang='lat' dir='ltr'><strong>tu</strong></span> <span class='ocrx_word' id='word_1_110' title='bbox 904 2001 1068 2079; x_wconf 85' lang='lat' dir='ltr'><strong>sapientius</strong></span> <span class='ocrx_word' id='word_1_111' title='bbox 1081 2012 1161 2079; x_wconf 89' lang='lat' dir='ltr'><strong>opta.</strong></span> 
     </span>
     <span class='ocr_line' id='line_1_17' title="bbox 443 2088 1191 2172; baseline -0.004 -14"><span class='ocrx_word' id='word_1_112' title='bbox 443 2096 573 2158; x_wconf 88' lang='lat' dir='ltr'>Finierat</span> <span class='ocrx_word' id='word_1_113' title='bbox 586 2095 736 2170; x_wconf 79' lang='lat' dir='ltr'><strong>monitus3</strong></span> <span class='ocrx_word' id='word_1_114' title='bbox 757 2095 844 2156; x_wconf 86' lang='lat' dir='ltr'><strong>dictis</strong></span> <span class='ocrx_word' id='word_1_115' title='bbox 858 2088 960 2156; x_wconf 82' lang='lat' dir='ltr'><strong>tamen</strong></span> <span class='ocrx_word' id='word_1_116' title='bbox 974 2094 1023 2156; x_wconf 90' lang='lat' dir='ltr'><strong>ille</strong></span> <span class='ocrx_word' id='word_1_117' title='bbox 1037 2105 1191 2172; x_wconf 81' lang='lat' dir='ltr'><strong>repugnat,</strong></span> 
     </span>
    </p>

    <p class='ocr_par' dir='ltr' id='par_1_3' title="bbox 315 2187 1381 3944">
     <span class='ocr_line' id='line_1_18' title="bbox 315 2187 1225 2268; baseline -0.003 -16"><span class='ocrx_word' id='word_1_118' title='bbox 315 2201 323 2211; x_wconf 86' lang='lat'>&#39;</span> <span class='ocrx_word' id='word_1_119' title='bbox 399 2190 650 2268; x_wconf 87' lang='lat' dir='ltr'><strong>Propositumque</strong></span> <span class='ocrx_word' id='word_1_120' title='bbox 663 2189 771 2267; x_wconf 85' lang='lat' dir='ltr'><strong>premit</strong></span> <span class='ocrx_word' id='word_1_121' title='bbox 783 2189 947 2267; x_wconf 80' lang='lat' dir='ltr'><strong>flagratque</strong></span> <span class='ocrx_word' id='word_1_122' title='bbox 961 2187 1103 2268; x_wconf 90' lang='lat' dir='ltr'><strong>cupidine</strong></span> <span class='ocrx_word' id='word_1_123' title='bbox 1116 2206 1225 2249; x_wconf 77' lang='lat' dir='ltr'><strong>munta</strong></span> 
     </span>
     <span class='ocr_line' id='line_1_19' title="bbox 399 2282 1377 2361; baseline -0.003 -18"><span class='ocrx_word' id='word_1_124' title='bbox 399 2286 489 2361; x_wconf 83' lang='lat' dir='ltr'><strong>Ergo,</strong></span> <span class='ocrx_word' id='word_1_125' title='bbox 506 2302 567 2361; x_wconf 88' lang='lat' dir='ltr'><strong>qua</strong></span> <span class='ocrx_word' id='word_1_126' title='bbox 578 2282 669 2358; x_wconf 91' lang='lat' dir='ltr'><strong>licuit,</strong></span> <span class='ocrx_word' id='word_1_127' title='bbox 683 2282 801 2360; x_wconf 81' lang='lat' dir='ltr'><strong>genitor</strong></span> <span class='ocrx_word' id='word_1_128' title='bbox 813 2292 978 2356; x_wconf 88' lang='lat' dir='ltr'><strong>cunctatus,</strong></span> <span class='ocrx_word' id='word_1_129' title='bbox 993 2282 1033 2343; x_wconf 86' lang='lat' dir='ltr'><strong>ad</strong></span> <span class='ocrx_word' id='word_1_130' title='bbox 1047 2282 1126 2342; x_wconf 83' lang='lat' dir='ltr'><strong>altos</strong></span> <span class='ocrx_word' id='word_1_131' title='bbox 1340 2309 1377 2350; x_wconf 60' lang='grc' dir='ltr'><strong>ιο,</strong></span> 
     </span>
     <span class='ocr_line' id='line_1_20' title="bbox 398 2375 1126 2455; baseline -0.001 -18"><span class='ocrx_word' id='word_1_132' title='bbox 398 2376 533 2437; x_wconf 89' lang='lat' dir='ltr'><strong>Deducit</strong></span> <span class='ocrx_word' id='word_1_133' title='bbox 545 2378 694 2455; x_wconf 88' lang='lat' dir='ltr'><strong>juvenem,</strong></span> <span class='ocrx_word' id='word_1_134' title='bbox 711 2375 857 2436; x_wconf 84' lang='lat' dir='ltr'><strong>Vulcania</strong></span> <span class='ocrx_word' id='word_1_135' title='bbox 869 2394 1000 2450; x_wconf 87' lang='lat' dir='ltr'><strong>munera,</strong></span> <span class='ocrx_word' id='word_1_136' title='bbox 1016 2393 1126 2436; x_wconf 77' lang='lat' dir='ltr'><strong>curura</strong></span> 
     </span>
     <span class='ocr_line' id='line_1_21' title="bbox 396 2469 1157 2543; baseline 0.001 -14"><span class='ocrx_word' id='word_1_137' title='bbox 396 2473 517 2530; x_wconf 91' lang='lat' dir='ltr'><strong>Aureus</strong></span> <span class='ocrx_word' id='word_1_138' title='bbox 531 2469 594 2530; x_wconf 83' lang='lat' dir='ltr'><strong>axis</strong></span> <span class='ocrx_word' id='word_1_139' title='bbox 607 2478 677 2543; x_wconf 86' lang='lat' dir='ltr'><strong>erat,</strong></span> <span class='ocrx_word' id='word_1_140' title='bbox 692 2479 774 2529; x_wconf 90' lang='lat' dir='ltr'><strong>temo</strong></span> <span class='ocrx_word' id='word_1_141' title='bbox 788 2485 903 2543; x_wconf 80' lang='lat' dir='ltr'><strong>amens,</strong></span> <span class='ocrx_word' id='word_1_142' title='bbox 918 2488 1009 2530; x_wconf 87' lang='lat' dir='ltr'><strong>aurea</strong></span> <span class='ocrx_word' id='word_1_143' title='bbox 1021 2487 1157 2530; x_wconf 89' lang='lat' dir='ltr'><strong>summae</strong></span> 
     </span>
     <span class='ocr_line' id='line_1_22' title="bbox 399 2562 1117 2640; baseline -0.001 -16"><span class='ocrx_word' id='word_1_144' title='bbox 399 2565 566 2625; x_wconf 85' lang='lat' dir='ltr'><strong>Curvatma</strong></span> <span class='ocrx_word' id='word_1_145' title='bbox 578 2573 670 2636; x_wconf 88' lang='lat' dir='ltr'><strong>rotae,</strong></span> <span class='ocrx_word' id='word_1_146' title='bbox 685 2562 836 2624; x_wconf 85' lang='lat' dir='ltr'><strong>radiorum</strong></span> <span class='ocrx_word' id='word_1_147' title='bbox 850 2573 1006 2640; x_wconf 83' lang='lat' dir='ltr'><strong>argenteus</strong></span> <span class='ocrx_word' id='word_1_148' title='bbox 1020 2563 1117 2637; x_wconf 89' lang='lat' dir='ltr'><strong>ordo;</strong></span> 
     </span>
     <span class='ocr_line' id='line_1_23' title="bbox 398 2655 1235 2733; baseline 0.001 -18"><span class='ocrx_word' id='word_1_149' title='bbox 398 2657 459 2716; x_wconf 92' lang='lat' dir='ltr'><strong>Per</strong></span> <span class='ocrx_word' id='word_1_150' title='bbox 470 2658 542 2733; x_wconf 84' lang='lat' dir='ltr'><strong>juga</strong></span> <span class='ocrx_word' id='word_1_151' title='bbox 555 2655 726 2733; x_wconf 89' lang='lat' dir='ltr'><strong>chrysolithi</strong></span> <span class='ocrx_word' id='word_1_152' title='bbox 739 2655 915 2733; x_wconf 85' lang='lat' dir='ltr'><strong>positaeque</strong></span> <span class='ocrx_word' id='word_1_153' title='bbox 929 2676 967 2717; x_wconf 84' lang='lat' dir='ltr'><strong>ex</strong></span> <span class='ocrx_word' id='word_1_154' title='bbox 980 2656 1086 2717; x_wconf 90' lang='lat' dir='ltr'><strong>ordine</strong></span> <span class='ocrx_word' id='word_1_155' title='bbox 1099 2672 1235 2733; x_wconf 81' lang='lat' dir='ltr'><strong>gemmae</strong></span> 
     </span>
     <span class='ocr_line' id='line_1_24' title="bbox 401 2749 1132 2826; baseline -0.001 -16"><span class='ocrx_word' id='word_1_156' title='bbox 401 2750 492 2810; x_wconf 89' lang='lat' dir='ltr'><strong>Clara</strong></span> <span class='ocrx_word' id='word_1_157' title='bbox 505 2767 678 2826; x_wconf 84' lang='lat' dir='ltr'><strong>repercusso</strong></span> <span class='ocrx_word' id='word_1_158' title='bbox 691 2749 857 2810; x_wconf 87' lang='lat' dir='ltr'><strong>reddebant</strong></span> <span class='ocrx_word' id='word_1_159' title='bbox 871 2749 984 2809; x_wconf 89' lang='lat' dir='ltr'><strong>lumina</strong></span> <span class='ocrx_word' id='word_1_160' title='bbox 998 2750 1132 2809; x_wconf 76' lang='lat' dir='ltr'><strong>Phoebo</strong></span> 
     </span>
     <span class='ocr_line' id='line_1_25' title="bbox 401 2841 1267 2919; baseline -0.001 -17"><span class='ocrx_word' id='word_1_161' title='bbox 401 2844 543 2919; x_wconf 91' lang='lat' dir='ltr'><strong>Dumque</strong></span> <span class='ocrx_word' id='word_1_162' title='bbox 557 2861 594 2903; x_wconf 92' lang='lat' dir='ltr'><strong>ea</strong></span> <span class='ocrx_word' id='word_1_163' title='bbox 606 2842 812 2919; x_wconf 73' lang='lat' dir='ltr'><strong>magnanimus</strong></span> <span class='ocrx_word' id='word_1_164' title='bbox 826 2843 983 2903; x_wconf 75' lang='lat' dir='ltr'><strong>Phaethon</strong></span> <span class='ocrx_word' id='word_1_165' title='bbox 997 2841 1118 2902; x_wconf 89' lang='lat' dir='ltr'><strong>miratur</strong></span> <span class='ocrx_word' id='word_1_166' title='bbox 1131 2859 1267 2919; x_wconf 88' lang='lat' dir='ltr'><strong>opusque</strong></span> 
     </span>
     <span class='ocr_line' id='line_1_26' title="bbox 401 2934 1115 3013; baseline 0.001 -19"><span class='ocrx_word' id='word_1_167' title='bbox 401 2934 554 3012; x_wconf 88' lang='lat' dir='ltr'><strong>Perspicit,</strong></span> <span class='ocrx_word' id='word_1_168' title='bbox 570 2953 641 2996; x_wconf 89' lang='lat' dir='ltr'><strong>ecce</strong></span> <span class='ocrx_word' id='word_1_169' title='bbox 654 2934 725 3012; x_wconf 86' lang='lat' dir='ltr'><strong>vigil</strong></span> <span class='ocrx_word' id='word_1_170' title='bbox 739 2935 827 2995; x_wconf 81' lang='lat' dir='ltr'><strong>rutsso</strong></span> <span class='ocrx_word' id='word_1_171' title='bbox 840 2935 981 3013; x_wconf 76' lang='lat' dir='ltr'><strong>patefecit</strong></span> <span class='ocrx_word' id='word_1_172' title='bbox 995 2937 1035 2995; x_wconf 88' lang='lat' dir='ltr'><strong>ab</strong></span> <span class='ocrx_word' id='word_1_173' title='bbox 1047 2946 1115 2996; x_wconf 90' lang='lat' dir='ltr'><strong>ortu</strong></span> 
     </span>
     <span class='ocr_line' id='line_1_27' title="bbox 401 3029 1082 3106; baseline 0 -18"><span class='ocrx_word' id='word_1_174' title='bbox 401 3030 568 3105; x_wconf 87' lang='lat' dir='ltr'><strong>Purpureas</strong></span> <span class='ocrx_word' id='word_1_175' title='bbox 582 3029 697 3088; x_wconf 87' lang='lat' dir='ltr'><strong>Aurora</strong></span> <span class='ocrx_word' id='word_1_176' title='bbox 710 3029 788 3089; x_wconf 80' lang='lat' dir='ltr'><strong>fores</strong></span> <span class='ocrx_word' id='word_1_177' title='bbox 803 3039 833 3089; x_wconf 93' lang='lat' dir='ltr'><strong>et</strong></span> <span class='ocrx_word' id='word_1_178' title='bbox 846 3030 937 3106; x_wconf 89' lang='lat' dir='ltr'><strong>plena</strong></span> <span class='ocrx_word' id='word_1_179' title='bbox 949 3047 1082 3089; x_wconf 77' lang='lat' dir='ltr'><strong>maenum</strong></span> 
     </span>
     <span class='ocr_line' id='line_1_28' title="bbox 400 3119 1197 3199; baseline 0.003 -19"><span class='ocrx_word' id='word_1_180' title='bbox 400 3121 493 3181; x_wconf 77' lang='lat' dir='ltr'><strong>Atria</strong></span> <span class='ocrx_word' id='word_1_181' title='bbox 536 3120 704 3198; x_wconf 82' lang='lat' dir='ltr'><strong>Diffiugiunt</strong></span> <span class='ocrx_word' id='word_1_182' title='bbox 718 3123 829 3195; x_wconf 83' lang='lat' dir='ltr'><strong>stellae,</strong></span> <span class='ocrx_word' id='word_1_183' title='bbox 845 3140 970 3199; x_wconf 87' lang='lat' dir='ltr'><strong>quarum</strong></span> <span class='ocrx_word' id='word_1_184' title='bbox 984 3121 1104 3198; x_wconf 84' lang='lat' dir='ltr'><strong>agmina</strong></span> <span class='ocrx_word' id='word_1_185' title='bbox 1116 3119 1197 3199; x_wconf 83' lang='lat' dir='ltr'><strong>cogit</strong></span> 
     </span>
     <span class='ocr_line' id='line_1_29' title="bbox 401 3214 1379 3283; baseline -0.001 -9"><span class='ocrx_word' id='word_1_186' title='bbox 401 3214 523 3275; x_wconf 87' lang='lat' dir='ltr'><strong>Lucifer</strong></span> <span class='ocrx_word' id='word_1_187' title='bbox 536 3224 567 3275; x_wconf 93' lang='lat' dir='ltr'><strong>et</strong></span> <span class='ocrx_word' id='word_1_188' title='bbox 579 3214 656 3274; x_wconf 89' lang='lat' dir='ltr'><strong>coeli</strong></span> <span class='ocrx_word' id='word_1_189' title='bbox 671 3214 798 3275; x_wconf 88' lang='lat' dir='ltr'><strong>statione</strong></span> <span class='ocrx_word' id='word_1_190' title='bbox 812 3214 991 3275; x_wconf 84' lang='lat' dir='ltr'><strong>novissimus</strong></span> <span class='ocrx_word' id='word_1_191' title='bbox 1004 3214 1073 3275; x_wconf 83' lang='lat' dir='ltr'><strong>exit</strong></span> <span class='ocrx_word' id='word_1_192' title='bbox 1340 3241 1379 3283; x_wconf 74' lang='lat'><strong>115</strong></span> 
     </span>
     <span class='ocr_line' id='line_1_30' title="bbox 399 3306 1181 3386; baseline 0.001 -19"><span class='ocrx_word' id='word_1_193' title='bbox 399 3310 443 3367; x_wconf 89' lang='lat' dir='ltr'><strong>At</strong></span> <span class='ocrx_word' id='word_1_194' title='bbox 456 3318 549 3386; x_wconf 90' lang='lat' dir='ltr'><strong>pater,</strong></span> <span class='ocrx_word' id='word_1_195' title='bbox 564 3317 598 3367; x_wconf 90' lang='lat' dir='ltr'><strong>ut</strong></span> <span class='ocrx_word' id='word_1_196' title='bbox 612 3317 703 3367; x_wconf 88' lang='lat' dir='ltr'><strong>terras</strong></span> <span class='ocrx_word' id='word_1_197' title='bbox 716 3309 921 3384; x_wconf 88' lang='lat' dir='ltr'><strong>mundumque</strong></span> <span class='ocrx_word' id='word_1_198' title='bbox 934 3309 1091 3368; x_wconf 83' lang='lat' dir='ltr'><strong>rubescere</strong></span> <span class='ocrx_word' id='word_1_199' title='bbox 1105 3306 1181 3368; x_wconf 83' lang='lat' dir='ltr'><strong>vidit</strong></span> 
     </span>
     <span class='ocr_line' id='line_1_31' title="bbox 400 3401 1265 3479; baseline -0.001 -17"><span class='ocrx_word' id='word_1_200' title='bbox 400 3402 582 3477; x_wconf 92' lang='lat' dir='ltr'><strong>Cornuaque</strong></span> <span class='ocrx_word' id='word_1_201' title='bbox 596 3410 746 3461; x_wconf 83' lang='lat' dir='ltr'><strong>extremae</strong></span> <span class='ocrx_word' id='word_1_202' title='bbox 759 3401 841 3461; x_wconf 83' lang='lat' dir='ltr'><strong>velut</strong></span> <span class='ocrx_word' id='word_1_203' title='bbox 855 3419 1031 3478; x_wconf 85' lang='lat' dir='ltr'><strong>evanescere</strong></span> <span class='ocrx_word' id='word_1_204' title='bbox 1047 3403 1161 3474; x_wconf 88' lang='lat' dir='ltr'><strong>Lunae,</strong></span> <span class='ocrx_word' id='word_1_205' title='bbox 1259 3465 1265 3479; x_wconf 42' lang='lat'><strong>¹</strong></span> 
     </span>
     <span class='ocr_line' id='line_1_32' title="bbox 397 3492 1228 3571; baseline 0.001 -19"><span class='ocrx_word' id='word_1_206' title='bbox 397 3495 529 3571; x_wconf 86' lang='lat' dir='ltr'><strong>Jungere</strong></span> <span class='ocrx_word' id='word_1_207' title='bbox 544 3512 639 3570; x_wconf 88' lang='lat' dir='ltr'><strong>equos</strong></span> <span class='ocrx_word' id='word_1_208' title='bbox 652 3493 743 3554; x_wconf 87' lang='lat' dir='ltr'><strong>Titan</strong></span> <span class='ocrx_word' id='word_1_209' title='bbox 755 3492 1166 3571; x_wconf 81' lang='lat' dir='ltr'><strong>velocibus-imperatHoria</strong></span> <span class='ocrx_word' id='word_1_210' title='bbox 1225 3541 1228 3546; x_wconf 91' lang='lat'>.</span> 
     </span>
     <span class='ocr_line' id='line_1_33' title="bbox 397 3586 1222 3666; baseline 0.001 -20"><span class='ocrx_word' id='word_1_211' title='bbox 397 3588 491 3663; x_wconf 88' lang='lat' dir='ltr'><strong>Jussa</strong></span> <span class='ocrx_word' id='word_1_212' title='bbox 504 3587 580 3647; x_wconf 87' lang='lat' dir='ltr'><strong>deae</strong></span> <span class='ocrx_word' id='word_1_213' title='bbox 593 3586 704 3647; x_wconf 84' lang='lat' dir='ltr'><strong>celeres</strong></span> <span class='ocrx_word' id='word_1_214' title='bbox 718 3597 872 3666; x_wconf 84' lang='lat' dir='ltr'><strong>peragunt,</strong></span> <span class='ocrx_word' id='word_1_215' title='bbox 886 3586 1046 3664; x_wconf 82' lang='lat' dir='ltr'><strong>ignemque</strong></span> <span class='ocrx_word' id='word_1_216' title='bbox 1056 3596 1222 3660; x_wconf 85' lang='lat' dir='ltr'><strong>vomentes,</strong></span> 
     </span>
     <span class='ocr_line' id='line_1_34' title="bbox 398 3678 1381 3758; baseline -0.001 -19"><span class='ocrx_word' id='word_1_217' title='bbox 398 3678 579 3740; x_wconf 90' lang='lat' dir='ltr'><strong>Ambrosiae</strong></span> <span class='ocrx_word' id='word_1_218' title='bbox 593 3698 667 3741; x_wconf 90' lang='lat' dir='ltr'><strong>suco</strong></span> <span class='ocrx_word' id='word_1_219' title='bbox 680 3691 802 3755; x_wconf 83' lang='lat' dir='ltr'><strong>saturos,</strong></span> <span class='ocrx_word' id='word_1_220' title='bbox 817 3680 1010 3758; x_wconf 83' lang='lat' dir='ltr'><strong>praesepibus</strong></span> <span class='ocrx_word' id='word_1_221' title='bbox 1024 3679 1094 3740; x_wconf 84' lang='lat' dir='ltr'><strong>altis</strong></span> <span class='ocrx_word' id='word_1_222' title='bbox 1341 3707 1381 3738; x_wconf 74' lang='lat' dir='ltr'><strong>m</strong></span> 
     </span>
     <span class='ocr_line' id='line_1_35' title="bbox 399 3773 1200 3850; baseline 0.002 -18"><span class='ocrx_word' id='word_1_223' title='bbox 399 3773 619 3850; x_wconf 90' lang='lat' dir='ltr'><strong>Quadrupedes</strong></span> <span class='ocrx_word' id='word_1_224' title='bbox 633 3774 754 3847; x_wconf 87' lang='lat' dir='ltr'><strong>ducunt,</strong></span> <span class='ocrx_word' id='word_1_225' title='bbox 770 3774 944 3850; x_wconf 89' lang='lat' dir='ltr'><strong>adduntque</strong></span> <span class='ocrx_word' id='word_1_226' title='bbox 958 3773 1096 3834; x_wconf 87' lang='lat' dir='ltr'><strong>sonantia</strong></span> <span class='ocrx_word' id='word_1_227' title='bbox 1109 3774 1200 3835; x_wconf 82' lang='lat' dir='ltr'><strong>frena</strong></span> 
     </span>
     <span class='ocr_line' id='line_1_36' title="bbox 397 3866 1089 3944; baseline 0.004 -19"><span class='ocrx_word' id='word_1_228' title='bbox 397 3868 481 3925; x_wconf 90' lang='lat' dir='ltr'><strong>Tum</strong></span> <span class='ocrx_word' id='word_1_229' title='bbox 494 3877 579 3944; x_wconf 87' lang='lat' dir='ltr'><strong>pater</strong></span> <span class='ocrx_word' id='word_1_230' title='bbox 591 3886 643 3927; x_wconf 86' lang='lat' dir='ltr'><strong>ora</strong></span> <span class='ocrx_word' id='word_1_231' title='bbox 657 3866 702 3927; x_wconf 83' lang='lat' dir='ltr'><strong>sui</strong></span> <span class='ocrx_word' id='word_1_232' title='bbox 717 3885 803 3927; x_wconf 82' lang='lat' dir='ltr'><strong>sacro</strong></span> <span class='ocrx_word' id='word_1_233' title='bbox 816 3866 1014 3928; x_wconf 86' lang='lat' dir='ltr'><strong>medicamine</strong></span> <span class='ocrx_word' id='word_1_234' title='bbox 1026 3866 1089 3928; x_wconf 84' lang='lat' dir='ltr'><strong>nati</strong></span> 
     </span>
    </p>
   </div>
   <div class='ocr_carea' id='block_1_3' title="bbox 398 3958 1117 4040">
    <p class='ocr_par' dir='ltr' id='par_1_4' title="bbox 398 3958 1117 4040">
     <span class='ocr_line' id='line_1_37' title="bbox 398 3958 1117 4040; baseline 0.003 -19"><span class='ocrx_word' id='word_1_235' title='bbox 398 3958 536 4038; x_wconf 80' lang='lat' dir='ltr'><strong>Contigit</strong></span> <span class='ocrx_word' id='word_1_236' title='bbox 549 3970 580 4021; x_wconf 89' lang='lat' dir='ltr'><strong>et</strong></span> <span class='ocrx_word' id='word_1_237' title='bbox 593 3960 714 4040; x_wconf 81' lang='lat' dir='ltr'><strong>rapidae</strong></span> <span class='ocrx_word' id='word_1_238' title='bbox 727 3960 798 4031; x_wconf 87' lang='lat' dir='ltr'><strong>fecit</strong></span> <span class='ocrx_word' id='word_1_239' title='bbox 810 3959 955 4040; x_wconf 66' lang='lat' dir='ltr'><strong>pauentia</strong></span> <span class='ocrx_word' id='word_1_240' title='bbox 968 3960 1117 4037; x_wconf 59' lang='lat' dir='ltr'><strong>mmmm,</strong></span> 
     </span>
    </p>
   </div>
   <div class='ocr_carea' id='block_1_4' title="bbox 0 0 1780 4859">
    <p class='ocr_par' dir='ltr' id='par_1_5' title="bbox 0 0 1780 4859">
     <span class='ocr_line' id='line_1_38' title="bbox 0 0 1780 4859; baseline 0 0"><span class='ocrx_word' id='word_1_241' title='bbox 0 0 1780 4859; x_wconf 95' lang='lat' dir='ltr'><strong> </strong></span> 
     </span>
    </p>
   </div>
  </div>
 </body>
</html>
