3550 4859
397 564 436 629 ςο
732 563 757 610 a.
779 563 880 612 ovrun
902 563 1039 610 amour·

305 765 308 773 .
398 713 519 788 Oraque
533 710 668 772 caerulea
681 710 809 789 patrium
823 708 983 771 clamantia
995 727 1107 770 nomen

398 803 593 881 Excipiuntur
605 824 691 881 aqua,
707 823 784 881 quae
798 822 909 864 nomen
923 801 1012 863 traxit
1026 802 1139 864 abillo

396 899 438 957 At
452 907 536 974 pater
548 896 657 971 infelix,
673 916 730 958 nec
742 899 805 975 J'am
818 907 910 975 pater,
927 897 1030 956 Icare!
1052 895 1134 970 dixit,

398 993 491 1065 Icare,
507 989 589 1064 dixit,
605 989 657 1049 ubi
671 989 723 1051 esi
764 992 833 1065 Qua
846 1000 876 1050 te
889 988 1010 1066 regione
1024 987 1182 1066 requiram,

398 1086 500 1144 Icare!
522 1082 659 1144 dicebat:
680 1102 795 1161 pennas
808 1081 966 1161 conspexit
978 1081 1011 1142 in
1024 1082 1122 1157 undis,

398 1175 587 1253 Devovitque
601 1195 670 1236 suas
684 1186 769 1249 artes,
781 1176 949 1253 corpusque
964 1175 1100 1253 sepulcro

398 1268 561 1343 Condidit3
581 1280 611 1330 et
625 1269 712 1329 tellus
726 1288 745 1328 a
757 1267 880 1328 nomine
895 1268 976 1330 dicta
989 1267 1106 1347 sepulti.

498 1373 516 1411 s
657 1370 676 1410 s
814 1370 833 1410 s
975 1372 995 1411 x
1135 1371 1154 1410 s

519 1456 671 1515 Immensa
685 1466 730 1515 est
743 1456 894 1532 finemque
908 1455 1043 1533 potentia
1057 1452 1135 1514 coeli

398 1551 469 1608 Non
484 1548 583 1621 habet,
600 1558 631 1608 et
644 1546 786 1624 quicquid
800 1547 898 1625 superi
912 1549 1040 1621 voluere,
1057 1556 1207 1625 peractum
1222 1556 1276 1605 est.

397 1642 527 1717 Quoque
542 1640 641 1700 minus
655 1640 781 1716 dubites,
796 1640 877 1701 tiliae
891 1640 1076 1702 contermina
1089 1658 1215 1717 quercus

398 1733 535 1795 Collibus
549 1744 596 1794 est
610 1733 752 1812 Phrygiis,
767 1733 889 1794 modico
903 1733 1086 1794 circumdata
1099 1750 1190 1793 muro.

399 1827 469 1904 Ipse
484 1827 583 1886 locum
597 1826 677 1887 vidi:
697 1845 767 1887 nam
781 1845 830 1887 me
845 1826 988 1904 Pelopeia
1003 1826 1140 1887 Pittheus

399 1918 484 1979 Misit
498 1918 527 1978 in
542 1938 620 1993 arva,
636 1938 693 1979 suo
706 1921 859 1997 quondam
873 1930 995 1997 regnata
1008 1918 1132 1997 parenti

398 2012 493 2072 Haud
507 2013 611 2089 procul
625 2012 696 2073 hinc
711 2024 857 2092 stagnum,
872 2014 960 2074 tellus
974 2011 1146 2073 habitabilis
1159 2010 1251 2085 olim;

399 2109 489 2167 Nunc
503 2106 635 2166 celebres
649 2105 756 2183 mergis
769 2106 925 2183 fulicisque
938 2105 1120 2183 palustribus
1133 2104 1241 2166 undae

398 2198 515 2278 Jupiter
528 2200 586 2259 huc
601 2198 700 2277 specie
713 2200 839 2273 mortali,
855 2217 984 2275 cumque
998 2208 1122 2276 parente

398 2291 493 2352 Venit
506 2291 693 2353 Atlantiades
706 2291 812 2370 positis
825 2291 977 2352 caducifer
990 2291 1052 2352 alis.
1149 2299 1152 2304 '

400 2384 487 2445 Mille
501 2386 609 2446 domos
622 2385 731 2460 adiere,
746 2386 844 2445 locum
858 2386 1052 2463 requiemque
1065 2394 1220 2463 petentes;

401 2478 487 2537 Mille
502 2479 610 2539 domos
624 2479 756 2539 clausere
770 2497 859 2538 serae.
903 2480 1019 2537 Tamen
1034 2496 1095 2537 una
1106 2477 1227 2555 recepit,
1334 2503 1336 2507 ⁴

400 2572 495 2630 Parva
509 2570 639 2654 quidem,
654 2571 770 2648 stipulis
784 2582 815 2632 et
828 2589 926 2632 canna
939 2581 1019 2631 tecta
1031 2570 1153 2649 palustri
1164 2592 1173 2645 ;

399 2665 459 2725 Sed
473 2663 523 2741 pia
538 2664 644 2725 Baucis
658 2684 732 2725 anus
745 2663 890 2743 parilique
904 2674 1002 2725 aetate
1020 2664 1177 2724 Philemon

401 2757 458 2816 Illa
472 2767 541 2818 sunt
554 2757 640 2817 annis
651 2756 747 2836 juncti
762 2757 951 2834 juvenilibus,
966 2756 1018 2818 illa

401 2851 593 2910 Consenuere
607 2869 685 2924 casa,
700 2860 966 2928 paupertatemque
980 2850 1103 2911 fatendo

401 2943 534 3003 Effecere
548 2943 644 3003 levem
659 2962 715 3003 nec
729 2942 831 3019 iniqua
844 2954 945 3004 mente
959 2944 1120 3003 ferendam

401 3037 467 3095 Nec
481 3036 578 3109 refert,
594 3035 734 3096 dominos
749 3035 808 3096 illic
822 3036 990 3096 famulosne
1003 3035 1155 3113 requiras:

400 3130 481 3189 Tota
494 3129 601 3189 domus
616 3129 677 3189 duo
692 3139 769 3203 sunt,
784 3128 864 3189 idem
877 3140 1042 3207 parentque
1054 3130 1228 3207 jubentque.

401 3222 481 3298 Ergo
495 3220 547 3281 ubi
560 3222 723 3282 coelicolae
736 3241 843 3299 parvos
859 3222 981 3300 tetigere
994 3232 1127 3300 penates,

400 3313 616 3391 Submissoque
630 3315 758 3375 humiles
773 3313 918 3376 intranint
931 3314 1040 3376 vertice
1054 3326 1166 3393 postes,

401 3408 542 3467 Membra
555 3426 647 3467 senex
660 3408 760 3485 posito
770 3407 859 3487 jussit
872 3409 1002 3468 relevare
1018 3408 1112 3483 sedili,
1343 3425 1384 3474 σω

402 3500 472 3575 Quo
487 3500 678 3578 superinjecit
692 3510 805 3561 textum
819 3501 893 3561 rude
908 3502 1013 3561 sedula
1027 3500 1142 3561 Baucis.

402 3593 480 3653 Inde
494 3594 563 3653 foco
578 3592 711 3672 tepidum
726 3592 856 3654 cinerem
871 3592 1004 3667 dimovit,
1020 3604 1052 3654 et
1065 3593 1151 3671 ignes

401 3684 530 3746 Suscitat
544 3687 709 3760 hesternos,
725 3685 862 3763 foliisque
876 3697 907 3747 et
921 3687 1031 3748 cortice
1045 3687 1128 3748 sicco

402 3779 511 3853 Nutrit,
528 3788 558 3839 et
572 3779 611 3838 ad
625 3778 760 3839 flammas
775 3779 875 3839 anima
887 3779 1027 3858 producit
1041 3779 1120 3855 anili,

402 3870 627 3949 Multifidasque
641 3872 722 3932 faces
735 3872 916 3949 ramaliaque
930 3872 1013 3933 arida
1026 3883 1107 3934 tecto
1344 3889 1386 3941 ως

402 3963 527 4040 Detulit,
542 3974 572 4025 et
586 3960 692 4025 minuit
704 3983 856 4043 parvoque
869 3965 1003 4027 admovit
1016 3966 1135 4042 ahen03
