3550 4859
425 577 479 636 17²
739 576 764 619 r.
783 573 918 619 vrnorcrr
940 575 1084 620 uraours

423 723 462 781 Et
476 730 561 799 pater
576 720 741 782 Anchises:
762 720 887 794 Bellum,
903 739 922 780 o
935 729 1016 780 terra
1028 720 1156 797 hospita,
1170 730 1292 798 portas3

423 816 506 874 Bello
521 827 670 875 armantur
683 813 761 891 equi,
776 814 888 873 bellum
902 814 977 874 haec
991 824 1124 873 armenta
1137 814 1294 876 minantur.
1364 841 1404 881 uo

422 909 481 969 Sed
495 920 595 967 tamen
610 907 690 968 idern
704 908 777 967 olim
791 926 875 967 cunu
891 907 1051 967 succedere
1066 906 1142 967 sueti

422 1001 649 1078 Quadrupedes,
666 1010 696 1060 et
709 1001 793 1059 frena
803 1001 877 1079 jugo
891 1001 1054 1059 concordia
1066 1000 1159 1061 serre:

314 1130 316 1134 ·
424 1096 499 1171 Spes
514 1105 544 1154 et
558 1094 648 1171 pacis,
664 1094 711 1153 ait
754 1096 833 1152 Tum
848 1092 970 1152 numina
983 1104 1086 1152 sancta
1099 1111 1256 1170 precamur
1346 1160 1348 1165 ,

423 1187 553 1247 Palladis
568 1186 742 1259 armisonae,
758 1205 835 1261 quae
850 1184 946 1262 prima
959 1186 1076 1263 accepit
1089 1196 1221 1261 ovantes,

423 1283 462 1340 Et
475 1279 574 1357 capita
588 1290 657 1338 ante
671 1297 737 1338 aras
753 1277 880 1355 Phrygio
894 1278 1027 1338 velamur
1040 1278 1169 1353 amictu3

423 1372 652 1450 Praeceptisque
668 1372 788 1446 Heleni,
804 1372 928 1431 dederat
942 1391 1019 1448 quae
1033 1370 1170 1447 maxima,
1185 1370 1241 1433 rite

421 1466 534 1544 Junoni
549 1465 676 1542 Argivae
688 1466 787 1541 jussos
801 1465 956 1524 adolemus
970 1465 1108 1524 honores.

424 1560 517 1619 Haud
531 1577 622 1632 mora,
638 1558 781 1618 continuo
795 1558 934 1635 perfectis
949 1557 1053 1617 ordine
1068 1557 1154 1631 votis,

423 1655 545 1713 Cornua
558 1653 721 1712 velatarum
736 1650 917 1711 obvertimus
930 1660 1135 1724 antennarum,

423 1747 684 1825 Grajugenumque
699 1745 805 1804 domos
820 1754 1017 1821 suspectaque
1032 1743 1194 1820 linquimus
1207 1760 1286 1806 arva.

424 1838 507 1899 Hinc
522 1839 602 1898 sinus
618 1836 768 1918 Herculei,
784 1836 808 1896 si
822 1856 892 1897 vera
905 1847 952 1896 est
964 1836 1051 1911 sama,
1067 1835 1189 1897 Tarenti

423 1932 579 2005 Cemitur;
599 1930 708 1991 attollit
722 1950 756 1990 se
770 1930 839 1989 diva
852 1927 977 1989 Lacinia
990 1938 1103 2004 contra,

423 2025 625 2101 Caulonisque
640 2043 722 2084 arces
737 2034 767 2083 et
781 2023 963 2100 navifragum
977 2024 1159 2100 Scylaceum.

422 2120 501 2177 Tum
516 2118 619 2195 procul
633 2137 650 2178 e
663 2117 757 2177 fluctu
771 2115 923 2175 Trinacria
937 2116 1065 2177 cernitur
1078 2119 1186 2191 Aetna,

422 2214 463 2272 Et
475 2210 618 2290 gemitum
632 2210 783 2288 ingentem
797 2209 894 2287 pelagi
907 2210 1084 2287 pulsataque
1098 2228 1169 2271 saxa

419 2305 570 2365 Audimus
585 2306 673 2381 longe
688 2304 855 2380 fractasque
869 2303 908 2362 ad
922 2302 1008 2362 litora
1021 2322 1120 2377 voces,

425 2398 643 2474 Exsultantque
657 2398 742 2471 vada,
758 2408 848 2473 atque
862 2406 947 2457 aestu
962 2396 1124 2456 miscentur
1137 2413 1252 2457 arenae.

422 2492 463 2550 Et
476 2502 560 2568 pater
573 2490 737 2551 Anchises:
761 2488 909 2549 Nimirum
922 2490 997 2549 haec
1011 2488 1062 2549 illa
1076 2488 1262 2567 Charybdis:

424 2586 493 2644 Hos
509 2584 645 2643 Helenus
660 2583 807 2660 scopulos,
822 2583 898 2642 haec
912 2601 984 2641 saxa
997 2582 1145 2642 horrenda
1157 2582 1293 2644 canebat.

423 2675 543 2754 Eripite,
560 2695 579 2735 o
594 2676 674 2749 socii,
691 2676 857 2753 pariterque
871 2675 1011 2752 insurgite
1025 2675 1120 2735 remis.

423 2769 517 2829 Haud
532 2769 629 2827 minus
643 2788 678 2828 ac
689 2768 764 2848 jussi
778 2768 898 2843 faciunt,
914 2769 1084 2845 primusque
1097 2768 1254 2830 rudentem

423 2862 575 2923 Contorsit
589 2863 687 2922 laevas
700 2881 818 2939 proram
833 2862 989 2922 Palinurus
1003 2862 1042 2921 ad
1055 2862 1172 2937 undas3

423 2957 553 3016 Laevam
568 2965 676 3014 cuncta
689 2954 796 3014 cohors
811 2955 898 3015 remis
912 2954 1068 3031 ventisque
1082 2953 1194 3032 petivit„

422 3048 567 3108 Tollimur
581 3047 611 3105 in
626 3048 744 3107 coelum
758 3058 878 3107 curvato
892 3046 1013 3125 gurgite,
1028 3058 1059 3109 et
1072 3047 1153 3108 idem

320 3163 322 3170 ’
423 3142 574 3201 Subducta
588 3141 626 3200 ad
642 3142 750 3199 Manes
764 3139 839 3199 imos
853 3140 1022 3200 desedimus
1036 3126 1126 3201 unda.

352 3307 354 3310 Ι
422 3237 483 3294 Ter
497 3232 611 3310 scopuli
626 3233 786 3293 clamorem
799 3232 876 3292 inter
888 3252 962 3293 cava
976 3252 1047 3293 saxa
1061 3233 1191 3309 dedere3

422 3329 484 3387 Ter
497 3345 632 3403 spumam
647 3325 751 3387 elisam
765 3336 795 3385 et
808 3325 938 3386 rorantia
951 3325 1079 3386 vidimus
1092 3336 1177 3388 astra

423 3422 543 3480 Interea
555 3421 650 3479 sessos
664 3429 772 3479 ventus
786 3438 854 3478 cum
869 3420 933 3478 sole
947 3417 1074 3495 reliquit,

423 3513 582 3590 Ignarique
597 3513 662 3571 viae
677 3512 843 3590 Cyclopum
858 3510 1015 3572 allabimur
1028 3510 1095 3572 oris.

462 3608 569 3665 Portus
583 3606 622 3664 ab
636 3624 758 3664 accessu
771 3615 927 3664 ventorum
941 3604 1082 3665 immotus
1096 3613 1128 3665 et
1139 3604 1245 3683 ingens
1362 3633 1401 3672 πο

423 3699 514 3776 Ipse;
534 3698 589 3759 sed
603 3697 746 3758 horrificis
757 3698 843 3777 juxta
855 3707 941 3758 tonat
955 3700 1056 3758 Aetna
1069 3698 1170 3773 ruinis,

423 3783 637 3869 Interdumque
651 3802 745 3851 atram
758 3791 923 3868 prorumpit
935 3792 973 3851 ad
989 3792 1110 3853 aethera
1122 3793 1243 3867 nubem,

422 3887 558 3947 Turbine
570 3885 733 3945 fumantem
746 3883 834 3962 piceo
848 3894 878 3944 et
891 3885 1040 3945 candente
1054 3885 1162 3959 favilla,

424 3979 601 4057 Attollitque
614 3979 722 4057 globos
734 3977 919 4039 flammamm
933 3987 964 4040 et
979 3978 1076 4041 sidera
1087 3976 1212 4054 lambit3
