3550 4859
492 796 1251 954 P.0V1D11NASON18·

591 1108 1113 1184 METnMORPHOSES.

799 1345 900 1382 ..φ-

743 1522 892 1583 LIBER
921 1522 953 1584 1.

440 1665 458 1697 Ἰ
599 1664 617 1699 ξ
758 1663 777 1697 ἱ·
918 1663 936 1696 ἃ
1076 1664 1094 1697 ἃ

362 1749 476 1807 Aurem
489 1745 584 1824 prima
598 1757 662 1808 sata
675 1757 721 1809 est
735 1756 825 1822 aetas,
840 1765 918 1824 quae
932 1745 1050 1808 vindice
1064 1747 1155 1821 nullo,

361 1841 474 1916 Sponte
488 1860 549 1915 sua,
565 1840 629 1903 sine
642 1842 708 1918 lege
721 1842 812 1901 fidem
826 1850 1000 1917 rectumque
1019 1842 1145 1902 colebat.

361 1935 463 1993 Poena
475 1944 631 2011 metusque
645 1937 777 2008 aberant,
793 1952 849 1994 nec
864 1935 955 1994 verba
969 1933 1113 1993 minantia
1126 1934 1187 1994 fixo

359 2028 436 2085 Aere
450 2027 631 2103 legebantur,
647 2047 703 2088 nec
718 2028 843 2105 supplex
857 2028 944 2087 turba
957 2026 1081 2086 timebat

358 2117 472 2194 Judicis
486 2139 538 2180 ora
552 2119 606 2194 sui,
622 2122 675 2181 sed
690 2132 773 2181 erant
787 2120 850 2180 sine
863 2117 965 2196 judice
980 2119 1042 2179 tuti.

360 2211 503 2271 Nondum
518 2232 606 2273 caesa
619 2213 687 2287 suis,
703 2212 889 2291 peregrinum
904 2222 937 2272 ut
950 2211 1058 2272 viseret
1075 2213 1188 2288 orbem,

361 2304 515 2364 Montibus
530 2305 561 2364 in
575 2306 702 2383 liquidas
715 2306 803 2384 pinus
817 2305 1014 2366 descenderat
1028 2306 1132 2380 undas,
1308 2333 1334 2373 ος

359 2398 509 2474 Nullaque
523 2400 662 2459 mortales
676 2410 792 2476 praeter
805 2417 859 2459 sua
871 2398 958 2458 litora
971 2410 1086 2459 norant
1143 2415 1146 2420 ’

359 2491 502 2551 Nondum
516 2491 693 2569 praecipites
707 2491 867 2570 cingebant
881 2490 994 2568 oppida
1007 2493 1125 2567 fossae3

359 2585 431 2642 Non
445 2585 518 2643 tuba
531 2583 642 2658 directi,
659 2603 720 2643 non
735 2583 809 2644 aeris
823 2603 936 2644 cornua
951 2584 1028 2658 flexi,

359 2677 430 2738 Non
444 2677 556 2753 galeae,
570 2696 632 2737 non
647 2676 725 2736 ensis
739 2687 819 2737 erat:
835 2675 904 2751 ‚sine
919 2676 1019 2736 militis
1033 2697 1089 2737 usu

360 2767 466 2828 Mollia
480 2788 601 2829 securae
615 2771 797 2846 peragebant
810 2768 872 2830 otia
883 2779 995 2846 gentes
1296 2797 1333 2827 ιω

359 2863 431 2938 Ipsa
445 2881 564 2939 quoque
578 2861 718 2922 immunis
731 2872 883 2938 rastroque
898 2861 1017 2936 intacta,
1033 2880 1089 2924 nec
1103 2861 1170 2924 ullis

249 2996 251 3001 «
358 2954 463 3014 Saucia
476 2954 653 3029 vomeribus,
669 2973 723 3032 per
736 2975 767 3015 se
782 2955 873 3015 dabat
887 2955 989 3016 omnia
1002 2957 1089 3017 tellus
1100 2979 1108 3032 3

359 3047 561 3124 Contentique
575 3048 650 3108 cibis
663 3049 746 3109 nullo
761 3058 887 3126 cogente
902 3048 1016 3122 creatis,

357 3141 506 3205 Arbuteos
520 3141 617 3201 foetus
631 3151 833 3219 montanaque
848 3143 929 3219 fraga
942 3143 1100 3219 legebam*

360 3235 519 3310 Cornaque
533 3245 564 3294 et
578 3233 609 3293 in
623 3233 703 3294 duris
717 3234 870 3295 haerentia
883 3254 968 3295 mora
981 3235 1102 3308 rubetis,
1296 3265 1331 3304 ιο,

358 3327 397 3386 Et
411 3345 488 3403 quae
503 3326 676 3388 deciderant
690 3329 792 3404 patula
805 3326 889 3404 Jovis
904 3329 1008 3388 arbore
1021 3328 1154 3405 glandes
1330 3333 1332 3336 ’

357 3420 418 3479 Ver
431 3429 493 3480 erat
507 3431 668 3494 aeternum,
684 3419 853 3497 placidique
868 3421 1038 3498 tepentibus
1051 3420 1128 3482 auris

359 3513 534 3572 Mulcebant
549 3512 669 3590 zephyri
683 3523 770 3573 natos
784 3512 849 3585 sine
864 3511 977 3591 semine
990 3513 1086 3574 flores

357 3605 433 3664 Mox
447 3604 537 3665 etiam
551 3606 647 3682 fruges
662 3606 748 3665 tellus
762 3604 876 3666 inarata
888 3607 1009 3678 ferebat,

358 3698 423 3758 Nec
437 3708 595 3758 renovatus
610 3716 679 3775 ager
690 3697 820 3775 gravidis
834 3700 962 3759 canebat
975 3698 1089 3773 aristis3
1296 3729 1331 3760 uo

358 3791 494 3851 Flumina
505 3793 568 3868 Jam
583 3790 675 3866 lactis,
689 3793 752 3868 jam
765 3789 889 3852 flumina
902 3791 1029 3853 nectaris
1043 3791 1135 3869 ibant,

358 3885 507 3962 Flavaque
522 3885 560 3945 de
574 3883 660 3945 viridi
674 3883 826 3948 stillabant
838 3883 906 3946 ilice
921 3885 1017 3947 mella

558 3991 568 4018 1
