3550 4859
398 564 437 624 74
712 564 739 608 r.
761 564 894 608 vinoun
915 564 1059 610 uasours

396 712 564 785 Terrasque
578 718 746 785 tractusque
759 709 849 769 maris
863 710 1039 786 coelumque
1051 709 1241 788 profundum,

396 802 538 880 Adspice,
553 812 677 862 venturo
691 802 838 862 laetantur
850 813 883 862 ut
895 804 997 862 omnia
1010 803 1110 864 saeclo
1122 808 1130 864 1

396 896 425 956 Ο
439 896 512 954 mihi
526 905 586 954 tam
600 896 707 973 longae
720 906 840 955 maneat
852 914 922 971 pars
935 894 1039 956 ultima
1051 896 1139 971 vitae,

398 988 523 1065 Spiritus
537 999 574 1061 et,
591 998 735 1063 quantum
748 996 796 1048 sat
808 987 864 1047 erit
877 998 929 1048 tua
942 988 1043 1049 dicere
1057 990 1153 1050 Meta:

397 1083 468 1141 Non
481 1100 530 1140 me
544 1080 721 1140 carminibus
734 1080 835 1140 vincet
848 1100 906 1141 nec
919 1081 1065 1142 Thracius
1079 1083 1228 1160 Orpheus,
1352 1106 1379 1146 ss

397 1177 463 1234 Nec
477 1174 579 1246 Linus,
593 1173 663 1233 huie
676 1184 770 1233 mater
784 1174 920 1249 quamvis
934 1185 1024 1251 atque
1037 1175 1108 1236 huic
1120 1185 1207 1254 pater
1219 1174 1306 1251 adsit,

396 1265 510 1342 Orphei
525 1265 687 1343 Calliopea,
704 1266 780 1325 Lino
794 1265 942 1328 formosus
956 1268 1077 1345 Apollo.

397 1362 460 1420 Pan
475 1358 573 1433 etiarn,
589 1359 719 1418 Arcadia
732 1377 849 1419 mecum
862 1358 888 1419 si
908 1360 1008 1437 judice
1021 1371 1123 1434 certet,

397 1455 461 1513 Pan
475 1452 564 1513 etiam
579 1452 709 1511 Arcadia
722 1451 803 1512 dicat
816 1471 850 1512 se
867 1453 969 1531 judice
981 1453 1101 1513 victunu

397 1546 510 1623 Incipe,
526 1564 616 1624 parve
630 1564 711 1622 puer,
727 1544 788 1605 risu
801 1565 982 1624 cognoscere
996 1555 1138 1606 matrem:
1353 1561 1381 1601 so

397 1640 488 1699 Matri
503 1640 593 1717 longa
606 1638 712 1698 decem
726 1639 856 1699 tulemnt
869 1639 990 1700 fastidia
1002 1658 1141 1715 menses,

397 1732 511 1810 Incipe,
525 1750 616 1809 parve
630 1750 722 1810 puer:
741 1731 790 1791 cui
803 1750 865 1792 non
878 1730 969 1792 risere
982 1742 1132 1809 parentes,

397 1828 463 1887 Nec
477 1825 552 1886 deus
565 1826 645 1886 hunc
658 1843 769 1901 mensa,
785 1822 843 1885 dea
856 1843 914 1886 uec
927 1824 1050 1904 dignata
1063 1824 1154 1888 cubili
1168 1831 1222 1886 est.

753 2144 951 2207 ECLOGA
977 2145 1016 2205 V.

771 2304 1002 2360 DAPHNIS.

712 2452 886 2496 MENALCAS.
930 2451 1060 2497 MOPSUS.

503 2617 506 2623 Α
811 2586 967 2626 uncum

399 2660 471 2720 cun
484 2675 555 2730 non,
570 2656 690 2732 Mopse,
703 2652 778 2714 boni
792 2652 934 2729 quoniam
947 2652 1143 2714 convenimus
1157 2651 1255 2728 ambo,

397 2753 446 2811 Tu
459 2750 591 2810 calamos
605 2747 706 2808 inflare
720 2747 811 2820 leves,
826 2763 884 2824 ego
899 2745 999 2806 dicere
1013 2764 1126 2820 versus,

399 2844 462 2904 Hic
475 2841 583 2921 corylis
596 2840 703 2900 mixtas
717 2839 794 2900 inter
806 2838 991 2900 considimus
1005 2838 1122 2900 ulmos?

827 2959 944 2998 MOPSUS·

398 3030 446 3088 Tu
459 3028 573 3106 major;
592 3025 647 3088 tibi
660 3043 708 3085 me
722 3034 769 3085 est
781 3044 910 3102 aequum
923 3044 1034 3102 parere,
1051 3023 1201 3099 Menalca,

400 3121 469 3183 Sive
483 3122 540 3182 sub
553 3121 682 3180 incertas
695 3118 837 3198 Zephyris
850 3118 1034 3180 motantibus
1048 3119 1178 3192 umbras,
1369 3145 1382 3184 ς

398 3214 466 3276 Sive
480 3224 564 3275 antro
577 3212 677 3292 potius
691 3210 886 3272 succedimus.
930 3211 1073 3289 Adspice,
1087 3221 1121 3272 ut
1134 3219 1251 3272 antrum

399 3308 547 3370 silvestris
560 3305 633 3367 raris
647 3304 753 3382 sparsit
766 3304 904 3365 labrusca
917 3304 1050 3365 racemis.

806 3426 960 3464 memus

400 3493 557 3556 Montibus
571 3494 602 3553 in
614 3493 725 3555 nostris
738 3493 821 3554 solus
835 3493 890 3553 tibi
903 3500 1000 3553 certat
1012 3492 1165 3571 Amyntas

401 3680 491 3756 Quid,
506 3681 533 3741 si
546 3679 626 3743 idem
639 3688 735 3741 certet
747 3614 1059 3758 Phoeiiiiiiperare
1072 3678 1231 3740 mendo?

401 3867 516 3947 Incipe,
532 3869 649 3946 Mopse,
664 3817 752 3946 prior,
767 3867 793 3928 si
807 3802 891 3945 ἓξὲξ
891 3801 964 3927 :cx
963 3865 1109 3947 Phyllidis
1122 3866 1217 3946 ignes,

400 3964 463 4024 Aut
475 3962 599 4024 Alconis
612 3961 707 4022 habes
720 3961 833 4037 leudes,
847 3970 901 4022 aut
915 3960 1014 4041 jurgia
1027 3959 1129 4022 Codri·
