3550 4859
399 541 454 616 13⁶
711 554 736 597 r.
758 554 890 598 uramur
913 553 1056 598 umoris

398 700 561 777 Impulerat
575 699 650 760 l'erro
666 698 821 777 Argolicas
836 699 956 760 foedare
969 699 1106 773 latebras,
1329 706 1375 765 'ss

396 794 556 869 Troiaque,
571 812 651 852 nunc
665 803 765 867 stares,
782 791 950 870 Priamique
964 812 1015 852 arx
1029 793 1097 866 alte,
1113 809 1256 852 maneres

424 926 427 932 -
440 888 527 960 Ecce,
543 905 648 945 manus
660 887 801 962 juvenem
815 885 928 946 interea
941 897 1010 964 post
1023 897 1106 962 terga
1119 884 1285 946 revinctum

398 982 534 1039 Pastores
549 998 658 1056 magno
672 979 711 1039 ad
725 998 825 1056 regem
839 980 970 1039 clamore
984 979 1142 1039 trahebant

398 1070 597 1146 Dardanidae,
613 1071 665 1149 qui
679 1091 711 1132 se
725 1071 859 1149 ignotum
873 1071 1061 1132 venientibus
1074 1072 1161 1144 ultro,

398 1168 470 1225 Hoc
485 1165 581 1242 ipsum
596 1175 628 1224 ut
643 1175 765 1225 strueret
779 1166 962 1242 Troiamque
977 1163 1102 1241 aperiret
1115 1162 1247 1238 Achivis,
1351 1180 1379 1221 ευ

398 1258 562 1332 Obtulerat,
579 1258 674 1318 fidens
689 1257 787 1332 animi,
803 1268 894 1334 atque
908 1256 939 1316 in
953 1268 1110 1334 utrumque
1125 1267 1253 1334 paratus,

400 1353 458 1411 Seu
473 1371 587 1410 versare
602 1352 697 1424 dolos,
714 1370 765 1411 seu
780 1362 877 1411 certae
893 1352 1070 1410 occumbere
1083 1349 1179 1411 morti.
1255 1357 1257 1360 ’

398 1443 542 1520 Undique
556 1445 672 1504 visendi
686 1443 785 1504 studio
799 1445 932 1520 Trojana
943 1445 1084 1520 juventus

399 1536 586 1598 Circumfusa
599 1537 663 1612 ruit,
679 1545 853 1613 certantque
867 1536 990 1596 illudere
1004 1547 1101 1613 capto.

397 1629 511 1706 Accipe
526 1649 606 1690 nunc
621 1632 758 1690 Danaum
774 1629 905 1704 insidias,
921 1640 952 1690 et
965 1629 1088 1690 crimine
1103 1630 1142 1690 ab
1156 1645 1218 1690 uno
1352 1646 1378 1696 ⁶5

400 1722 490 1783 Disce
506 1742 619 1783 omnes.

400 1817 538 1892 Namque
553 1827 585 1876 ut
598 1827 762 1894 conspectu
776 1815 807 1876 in
821 1816 922 1877 medio
937 1818 1080 1889 turbatus,
1095 1814 1225 1890 inermis,

400 1908 541 1969 Constitit
556 1921 646 1986 atque
660 1909 754 1970 oculis
770 1909 896 1988 Phrygia
910 1909 1029 1988 agmina
1043 1908 1269 1986 circumspexit:
1362 1946 1364 1950 ·

400 2005 481 2076 Heu,
497 2022 573 2079 quae
587 2022 667 2063 nunc
681 2004 777 2078 tellus,
793 2003 898 2080 inquit,
914 2022 991 2080 quae
1006 2022 1054 2063 me
1068 2020 1198 2079 aequora
1211 2012 1338 2080 possunt

398 2094 564 2174 Accipere?
585 2107 635 2156 aut
649 2096 723 2172 quid
737 2098 799 2173 jam
813 2095 922 2156 misero
935 2095 1008 2155 mihi
1022 2095 1152 2172 denique
1165 2104 1267 2170 restat,
1354 2126 1380 2164 ⁷0

400 2188 458 2250 Cui
471 2208 569 2266 neque
584 2190 663 2266 apud
679 2192 801 2249 Danaos
815 2209 942 2266 usquam
956 2190 1048 2262 locus,
1064 2199 1093 2249 et
1108 2207 1196 2266 super
1210 2187 1266 2266 ipsi

400 2281 592 2341 Dardanidae
606 2281 715 2342 infensi
728 2301 842 2360 poenas
855 2302 925 2342 cum
938 2282 1082 2359 sanguine
1095 2284 1245 2358 poscunt?

400 2377 470 2450 Quo
484 2374 596 2452 gemitu
610 2375 745 2435 conversi
759 2374 858 2449 animi,
873 2393 1061 2452 compressus
1075 2385 1105 2435 et
1119 2375 1217 2435 omnis

400 2471 543 2546 Impetus.
588 2471 752 2528 Hortamur
764 2469 838 2543 sari5
854 2486 915 2544 quo
930 2466 1072 2544 sanguine
1086 2479 1191 2543 cretus,

400 2561 519 2638 Quidve
533 2563 615 2635 ferat,
630 2571 784 2636 memoret,
800 2579 877 2638 quae
892 2560 930 2621 sit
942 2561 1053 2621 fiducia
1065 2571 1163 2639 capto.
1355 2590 1379 2627 π

401 2653 470 2736 [llle
485 2656 568 2730 haec,
583 2654 720 2733 deposita
733 2655 855 2715 tandem
868 2653 1035 2729 formidine,
1050 2656 1127 2715 fatur
1138 2652 1157 2734 :]

442 2751 558 2810 Cuncta
572 2748 711 2826 equidem
725 2748 787 2823 tibi,
804 2751 879 2824 Rex,
895 2748 981 2809 suerit
995 2748 1215 2825 quodcumque,
1230 2747 1348 2811 fatebor

400 2844 487 2916 Vera,
503 2842 619 2919 inquit3
639 2861 736 2919 neque
751 2861 800 2903 me
816 2842 956 2920 Argolica
970 2843 1009 2902 de
1022 2852 1111 2920 gente
1125 2843 1262 2918 negab0;

402 2938 473 2994 Hoc
487 2935 634 3012 primum;
654 2954 719 3008 nec,
736 2933 760 2993 si
774 2935 914 2995 misemm
929 2938 1060 2995 Fortuna
1073 2935 1217 2996 Sinonem
1281 2967 1284 2972 ·

401 3026 509 3100 Finxit,
524 3045 633 3085 vanum
648 3026 737 3086 etiam
751 3028 987 3104 mendacemque
1001 3028 1138 3106 improba
1151 3029 1251 3106 finget
1355 3045 1381 3085 a>

401 3120 507 3180 Fando
522 3119 644 3195 aliquod
659 3119 684 3177 si
698 3119 773 3178 forte
787 3131 853 3179 tuas
867 3120 1002 3197 pervenit
1016 3122 1055 3181 ad
1068 3140 1154 3183 aures

401 3212 522 3272 Belidae
536 3231 646 3272 nomen
662 3212 830 3272 Palamedis
844 3223 874 3273 et
888 3212 1000 3273 incluta
1012 3215 1091 3275 sarna

401 3305 513 3379 Gloria,
530 3324 619 3382 quem
632 3305 707 3366 falsa
721 3308 776 3365 sub
791 3304 960 3383 proditione
976 3306 1093 3385 Pelasgi

402 3401 557 3458 Insontem
571 3397 695 3458 infando
709 3398 829 3474 indicio,
846 3399 916 3476 quia
928 3401 1008 3460 bella
1021 3402 1149 3474 vetabat,

402 3492 556 3553 Demisere
570 3491 646 3565 neci,
661 3510 741 3552 nunc
755 3512 871 3553 cassum
887 3493 998 3553 lumine
1013 3495 1132 3572 lugent:

402 3585 451 3646 Illi
466 3605 513 3646 me
529 3584 669 3645 comitem
684 3596 714 3644 et
727 3585 983 3663 consanguinitate
996 3585 1197 3663 propinquum

402 3681 519 3755 Pauper
533 3678 562 3736 in
578 3697 659 3739 arma
672 3690 756 3755 pater
769 3678 870 3756 primis
884 3679 942 3738 huc
957 3678 1036 3738 misit
1050 3680 1089 3738 ab
1103 3678 1197 3739 annia

403 3774 484 3830 Dum
498 3772 597 3831 stabat
609 3790 701 3848 regno
715 3770 871 3831 incolumis
885 3790 1045 3849 regumque
1059 3770 1179 3848 vigebat

403 3863 551 3938 Consiliis,
569 3875 598 3924 et
613 3883 668 3925 nos
683 3863 804 3942 aliquod
818 3883 989 3943 nomenque
1003 3865 1154 3941 decusque
1281 3929 1301 3946 ψ,

404 3956 564 4020 Gessimus.
609 3957 727 4021 Invidia
739 3967 900 4036 postquam
914 3958 1036 4036 pellacis
1051 3956 1183 4019 Ulixi-
1293 3969 1295 3977 '
