<?xml version="1.0" encoding="UTF-8"?>
<!DOCTYPE html PUBLIC "-//W3C//DTD XHTML 1.0 Transitional//EN"
    "http://www.w3.org/TR/xhtml1/DTD/xhtml1-transitional.dtd">
<html xmlns="http://www.w3.org/1999/xhtml" xml:lang="en" lang="en">
 <head>
  <title>
</title>
<meta http-equiv="Content-Type" content="text/html;charset=utf-8" />
  <meta name='ocr-system' content='tesseract 3.04.00' />
  <meta name='ocr-capabilities' content='ocr_page ocr_carea ocr_par ocr_line ocrx_word'/>
</head>
<body>
  <div class='ocr_page' id='page_1' title='image "./selectionsfromo00rolfgoog_0091.png"; bbox 0 0 3550 4859; ppageno 0'>
   <div class='ocr_carea' id='block_1_1' title="bbox 723 553 1169 602">
    <p class='ocr_par' dir='ltr' id='par_1_1' title="bbox 723 553 1169 602">
     <span class='ocr_line' id='line_1_1' title="bbox 723 553 1169 602; baseline -0.009 0"><span class='ocrx_word' id='word_1_1' title='bbox 723 553 1047 602; x_wconf 56' lang='grc' dir='ltr'>ΨΟΟΗἏΕΒῚ.</span> <span class='ocrx_word' id='word_1_2' title='bbox 1166 570 1169 576; x_wconf 96' lang='grc'><strong><em>·</em></strong></span> 
     </span>
    </p>
   </div>
   <div class='ocr_carea' id='block_1_2' title="bbox 397 696 1381 3129">
    <p class='ocr_par' dir='ltr' id='par_1_2' title="bbox 397 696 1381 3129">
     <span class='ocr_line' id='line_1_2' title="bbox 398 696 1119 778; baseline 0.003 -18"><span class='ocrx_word' id='word_1_3' title='bbox 398 698 528 777; x_wconf 87' lang='lat' dir='ltr'>Incipe;</span> <span class='ocrx_word' id='word_1_4' title='bbox 546 707 706 777; x_wconf 78' lang='lat' dir='ltr'>pascentes</span> <span class='ocrx_word' id='word_1_5' title='bbox 720 696 848 769; x_wconf 81' lang='lat' dir='ltr'>servabit</span> <span class='ocrx_word' id='word_1_6' title='bbox 861 698 982 778; x_wconf 74' lang='lat' dir='ltr'>Tityrus</span> <span class='ocrx_word' id='word_1_7' title='bbox 996 698 1119 762; x_wconf 90' lang='lat' dir='ltr'>haedos.</span> 
     </span>
     <span class='ocr_line' id='line_1_3' title="bbox 831 820 945 860; baseline -0.009 0"><span class='ocrx_word' id='word_1_8' title='bbox 831 820 945 860; x_wconf 70' lang='lat' dir='ltr'>uorsus.</span> 
     </span>
     <span class='ocr_line' id='line_1_4' title="bbox 398 896 1143 979; baseline 0.003 -21"><span class='ocrx_word' id='word_1_9' title='bbox 398 899 501 958; x_wconf 88' lang='lat' dir='ltr'>Immo</span> <span class='ocrx_word' id='word_1_10' title='bbox 514 898 597 971; x_wconf 85' lang='lat' dir='ltr'>haec,</span> <span class='ocrx_word' id='word_1_11' title='bbox 612 898 645 957; x_wconf 89' lang='lat' dir='ltr'>in</span> <span class='ocrx_word' id='word_1_12' title='bbox 658 896 746 957; x_wconf 82' lang='lat' dir='ltr'>viridi</span> <span class='ocrx_word' id='word_1_13' title='bbox 759 917 855 975; x_wconf 81' lang='lat' dir='ltr'>nuper</span> <span class='ocrx_word' id='word_1_14' title='bbox 865 918 944 976; x_wconf 84' lang='lat' dir='ltr'>quae</span> <span class='ocrx_word' id='word_1_15' title='bbox 956 898 1068 960; x_wconf 84' lang='lat' dir='ltr'>cortice</span> <span class='ocrx_word' id='word_1_16' title='bbox 1081 897 1143 979; x_wconf 75' lang='lat' dir='ltr'>fagi</span> 
     </span>
     <span class='ocr_line' id='line_1_5' title="bbox 398 990 1173 1068; baseline 0 -15"><span class='ocrx_word' id='word_1_17' title='bbox 398 990 543 1053; x_wconf 86' lang='lat' dir='ltr'>Carmina</span> <span class='ocrx_word' id='word_1_18' title='bbox 556 990 703 1068; x_wconf 85' lang='lat' dir='ltr'>descripsi</span> <span class='ocrx_word' id='word_1_19' title='bbox 716 1000 749 1051; x_wconf 92' lang='lat' dir='ltr'>et</span> <span class='ocrx_word' id='word_1_20' title='bbox 761 992 921 1053; x_wconf 84' lang='lat' dir='ltr'>modulans</span> <span class='ocrx_word' id='word_1_21' title='bbox 935 993 1050 1052; x_wconf 82' lang='lat' dir='ltr'>alterna</span> <span class='ocrx_word' id='word_1_22' title='bbox 1062 991 1173 1067; x_wconf 79' lang='lat' dir='ltr'>notavi,</span> 
     </span>
     <span class='ocr_line' id='line_1_6' title="bbox 401 1084 1381 1167; baseline 0.008 -24"><span class='ocrx_word' id='word_1_23' title='bbox 401 1084 565 1162; x_wconf 63' lang='lat' dir='ltr'>Experiar</span> <span class='ocrx_word' id='word_1_24' title='bbox 583 1084 741 1146; x_wconf 74' lang='lat' dir='ltr'>udemde</span> <span class='ocrx_word' id='word_1_25' title='bbox 752 1086 856 1161; x_wconf 89' lang='lat' dir='ltr'>jubeto</span> <span class='ocrx_word' id='word_1_26' title='bbox 870 1096 904 1145; x_wconf 92' lang='lat' dir='ltr'>ut</span> <span class='ocrx_word' id='word_1_27' title='bbox 916 1095 1011 1148; x_wconf 85' lang='lat' dir='ltr'>certet</span> <span class='ocrx_word' id='word_1_28' title='bbox 1022 1088 1176 1167; x_wconf 79' lang='lat' dir='ltr'>Amyntas</span> <span class='ocrx_word' id='word_1_29' title='bbox 1358 1112 1381 1151; x_wconf 79' lang='lat' dir='ltr'>rs</span> 
     </span>
     <span class='ocr_line' id='line_1_7' title="bbox 698 1205 963 1245; baseline 0.008 -2"><span class='ocrx_word' id='word_1_30' title='bbox 698 1219 701 1224; x_wconf 94' lang='lat'>·</span> <span class='ocrx_word' id='word_1_31' title='bbox 810 1205 963 1245; x_wconf 67' lang='lat' dir='ltr'>usitamus</span> 
     </span>
     <span class='ocr_line' id='line_1_8' title="bbox 398 1282 1094 1360; baseline 0.001 -17"><span class='ocrx_word' id='word_1_32' title='bbox 398 1283 499 1343; x_wconf 86' lang='lat' dir='ltr'>Lenta</span> <span class='ocrx_word' id='word_1_33' title='bbox 511 1282 587 1343; x_wconf 82' lang='lat' dir='ltr'>salix</span> <span class='ocrx_word' id='word_1_34' title='bbox 599 1292 743 1359; x_wconf 86' lang='lat' dir='ltr'>quantum</span> <span class='ocrx_word' id='word_1_35' title='bbox 756 1284 881 1360; x_wconf 77' lang='lat' dir='ltr'>pallenti</span> <span class='ocrx_word' id='word_1_36' title='bbox 895 1284 976 1344; x_wconf 84' lang='lat' dir='ltr'>cedit</span> <span class='ocrx_word' id='word_1_37' title='bbox 988 1284 1094 1358; x_wconf 86' lang='lat' dir='ltr'>olivae,</span> 
     </span>
     <span class='ocr_line' id='line_1_9' title="bbox 399 1374 1109 1452; baseline 0.006 -18"><span class='ocrx_word' id='word_1_38' title='bbox 399 1374 541 1435; x_wconf 90' lang='lat' dir='ltr'>Puniceis</span> <span class='ocrx_word' id='word_1_39' title='bbox 554 1374 675 1435; x_wconf 81' lang='lat' dir='ltr'>humilis</span> <span class='ocrx_word' id='word_1_40' title='bbox 689 1385 832 1452; x_wconf 79' lang='lat' dir='ltr'>quanttmr</span> <span class='ocrx_word' id='word_1_41' title='bbox 847 1377 981 1436; x_wconf 82' lang='lat' dir='ltr'>saliunca</span> <span class='ocrx_word' id='word_1_42' title='bbox 994 1378 1109 1451; x_wconf 85' lang='lat' dir='ltr'>rosetis,</span> 
     </span>
     <span class='ocr_line' id='line_1_10' title="bbox 398 1467 1098 1549; baseline 0.006 -22"><span class='ocrx_word' id='word_1_43' title='bbox 398 1467 521 1546; x_wconf 88' lang='lat' dir='ltr'>Judicio</span> <span class='ocrx_word' id='word_1_44' title='bbox 532 1476 637 1529; x_wconf 80' lang='lat' dir='ltr'>nostro</span> <span class='ocrx_word' id='word_1_45' title='bbox 648 1475 764 1529; x_wconf 88' lang='lat' dir='ltr'>tantum</span> <span class='ocrx_word' id='word_1_46' title='bbox 778 1468 833 1529; x_wconf 89' lang='lat' dir='ltr'>tibi</span> <span class='ocrx_word' id='word_1_47' title='bbox 847 1470 929 1529; x_wconf 88' lang='lat' dir='ltr'><strong>cedit</strong></span> <span class='ocrx_word' id='word_1_48' title='bbox 943 1473 1098 1549; x_wconf 76' lang='lat' dir='ltr'>Amyntas.</span> 
     </span>
     <span class='ocr_line' id='line_1_11' title="bbox 837 1591 949 1630; baseline 0.018 -2"><span class='ocrx_word' id='word_1_49' title='bbox 837 1591 949 1630; x_wconf 75' lang='lat' dir='ltr'>uorsus</span> 
     </span>
     <span class='ocr_line' id='line_1_12' title="bbox 402 1654 1172 1733; baseline 0.001 -16"><span class='ocrx_word' id='word_1_50' title='bbox 402 1656 462 1717; x_wconf 89' lang='lat' dir='ltr'>Sed</span> <span class='ocrx_word' id='word_1_51' title='bbox 477 1665 510 1715; x_wconf 96' lang='lat' dir='ltr'>tu</span> <span class='ocrx_word' id='word_1_52' title='bbox 523 1654 628 1715; x_wconf 87' lang='lat' dir='ltr'>desine</span> <span class='ocrx_word' id='word_1_53' title='bbox 640 1655 735 1733; x_wconf 77' lang='lat' dir='ltr'>phura,</span> <span class='ocrx_word' id='word_1_54' title='bbox 750 1674 843 1732; x_wconf 83' lang='lat' dir='ltr'>puer3</span> <span class='ocrx_word' id='word_1_55' title='bbox 862 1657 1063 1717; x_wconf 84' lang='lat' dir='ltr'>successimus</span> <span class='ocrx_word' id='word_1_56' title='bbox 1076 1666 1172 1718; x_wconf 74' lang='lat' dir='ltr'>antro,</span> 
     </span>
     <span class='ocr_line' id='line_1_13' title="bbox 441 1748 1214 1828; baseline 0.003 -20"><span class='ocrx_word' id='word_1_57' title='bbox 441 1748 630 1808; x_wconf 85' lang='lat' dir='ltr'>Exstinctum</span> <span class='ocrx_word' id='word_1_58' title='bbox 644 1748 801 1827; x_wconf 79' lang='lat' dir='ltr'>Nymphae</span> <span class='ocrx_word' id='word_1_59' title='bbox 815 1750 929 1811; x_wconf 87' lang='lat' dir='ltr'>crudeli</span> <span class='ocrx_word' id='word_1_60' title='bbox 942 1750 1045 1811; x_wconf 81' lang='lat' dir='ltr'>funere</span> <span class='ocrx_word' id='word_1_61' title='bbox 1059 1748 1214 1828; x_wconf 82' lang='lat' dir='ltr'>Daphnim</span> 
     </span>
     <span class='ocr_line' id='line_1_14' title="bbox 401 1842 1192 1922; baseline 0.001 -20"><span class='ocrx_word' id='word_1_62' title='bbox 401 1842 549 1917; x_wconf 81' lang='lat' dir='ltr'>Flebant3</span> <span class='ocrx_word' id='word_1_63' title='bbox 568 1842 727 1920; x_wconf 84' lang='lat' dir='ltr'>vos-ooryli</span> <span class='ocrx_word' id='word_1_64' title='bbox 741 1848 837 1902; x_wconf 86' lang='lat' dir='ltr'>testes</span> <span class='ocrx_word' id='word_1_65' title='bbox 846 1853 877 1903; x_wconf 87' lang='lat' dir='ltr'>et</span> <span class='ocrx_word' id='word_1_66' title='bbox 889 1843 1012 1903; x_wconf 80' lang='lat' dir='ltr'>flumina</span> <span class='ocrx_word' id='word_1_67' title='bbox 1023 1843 1171 1922; x_wconf 84' lang='lat' dir='ltr'>Nymphis</span> <span class='ocrx_word' id='word_1_68' title='bbox 1182 1865 1192 1918; x_wconf 81' lang='lat'>3</span> 
     </span>
     <span class='ocr_line' id='line_1_15' title="bbox 401 1934 1117 2013; baseline 0.003 -18"><span class='ocrx_word' id='word_1_69' title='bbox 401 1938 503 2011; x_wconf 87' lang='lat' dir='ltr'>Quum</span> <span class='ocrx_word' id='word_1_70' title='bbox 517 1935 674 2013; x_wconf 89' lang='lat' dir='ltr'>complexa</span> <span class='ocrx_word' id='word_1_71' title='bbox 688 1934 734 1995; x_wconf 93' lang='lat' dir='ltr'>sui</span> <span class='ocrx_word' id='word_1_72' title='bbox 748 1954 856 2013; x_wconf 88' lang='lat' dir='ltr'>corpus</span> <span class='ocrx_word' id='word_1_73' title='bbox 870 1937 1040 1997; x_wconf 84' lang='lat' dir='ltr'>miserabile</span> <span class='ocrx_word' id='word_1_74' title='bbox 1054 1937 1117 1997; x_wconf 92' lang='lat' dir='ltr'>nati</span> 
     </span>
     <span class='ocr_line' id='line_1_16' title="bbox 400 2029 1149 2107; baseline 0 -18"><span class='ocrx_word' id='word_1_75' title='bbox 400 2032 502 2107; x_wconf 85' lang='lat' dir='ltr'>Atque</span> <span class='ocrx_word' id='word_1_76' title='bbox 516 2029 591 2089; x_wconf 92' lang='lat' dir='ltr'>deos</span> <span class='ocrx_word' id='word_1_77' title='bbox 604 2039 694 2106; x_wconf 88' lang='lat' dir='ltr'>atque</span> <span class='ocrx_word' id='word_1_78' title='bbox 707 2038 786 2089; x_wconf 82' lang='lat' dir='ltr'>astra</span> <span class='ocrx_word' id='word_1_79' title='bbox 799 2040 887 2090; x_wconf 80' lang='lat' dir='ltr'>vocat</span> <span class='ocrx_word' id='word_1_80' title='bbox 901 2030 1034 2091; x_wconf 85' lang='lat' dir='ltr'>crudelia</span> <span class='ocrx_word' id='word_1_81' title='bbox 1047 2039 1149 2090; x_wconf 87' lang='lat' dir='ltr'>mater.</span> 
     </span>
     <span class='ocr_line' id='line_1_17' title="bbox 399 2122 1368 2200; baseline 0.001 -17"><span class='ocrx_word' id='word_1_82' title='bbox 399 2124 474 2183; x_wconf 91' lang='lat' dir='ltr'>Non</span> <span class='ocrx_word' id='word_1_83' title='bbox 488 2123 541 2182; x_wconf 92' lang='lat' dir='ltr'>ulli</span> <span class='ocrx_word' id='word_1_84' title='bbox 553 2132 658 2200; x_wconf 82' lang='lat' dir='ltr'>pastos</span> <span class='ocrx_word' id='word_1_85' title='bbox 670 2122 730 2182; x_wconf 90' lang='lat' dir='ltr'>illis</span> <span class='ocrx_word' id='word_1_86' title='bbox 744 2140 832 2200; x_wconf 85' lang='lat' dir='ltr'>egere</span> <span class='ocrx_word' id='word_1_87' title='bbox 846 2124 955 2184; x_wconf 88' lang='lat' dir='ltr'>diebus</span> <span class='ocrx_word' id='word_1_88' title='bbox 1367 2156 1368 2160; x_wconf 61' lang='lat'><em>=</em></span> 
     </span>
     <span class='ocr_line' id='line_1_18' title="bbox 399 2212 1379 2295; baseline 0.002 -18"><span class='ocrx_word' id='word_1_89' title='bbox 399 2217 531 2295; x_wconf 86' lang='lat' dir='ltr'>Frigida,</span> <span class='ocrx_word' id='word_1_90' title='bbox 547 2215 677 2294; x_wconf 86' lang='lat' dir='ltr'>Daphni,</span> <span class='ocrx_word' id='word_1_91' title='bbox 692 2212 840 2277; x_wconf 78' lang='lat' dir='ltr'>boves&#39;ad</span> <span class='ocrx_word' id='word_1_92' title='bbox 850 2217 975 2277; x_wconf 82' lang='lat' dir='ltr'>flumina</span> <span class='ocrx_word' id='word_1_93' title='bbox 984 2238 994 2292; x_wconf 91' lang='lat'>;</span> <span class='ocrx_word' id='word_1_94' title='bbox 1013 2216 1097 2276; x_wconf 84' lang='lat' dir='ltr'>nulla</span> <span class='ocrx_word' id='word_1_95' title='bbox 1109 2233 1166 2276; x_wconf 89' lang='lat' dir='ltr'>nec</span> <span class='ocrx_word' id='word_1_96' title='bbox 1179 2232 1299 2276; x_wconf 87' lang='lat' dir='ltr'>amnem</span> <span class='ocrx_word' id='word_1_97' title='bbox 1355 2238 1379 2279; x_wconf 75' lang='grc' dir='ltr'>ἐ</span> 
     </span>
     <span class='ocr_line' id='line_1_19' title="bbox 397 2309 1199 2389; baseline -0.002 -18"><span class='ocrx_word' id='word_1_98' title='bbox 397 2310 521 2371; x_wconf 91' lang='lat' dir='ltr'>Libavit</span> <span class='ocrx_word' id='word_1_99' title='bbox 533 2310 714 2387; x_wconf 79' lang='lat' dir='ltr'>quadrupes,</span> <span class='ocrx_word' id='word_1_100' title='bbox 730 2328 787 2371; x_wconf 87' lang='lat' dir='ltr'>nec</span> <span class='ocrx_word' id='word_1_101' title='bbox 799 2309 944 2389; x_wconf 77' lang='lat' dir='ltr'>graminis</span> <span class='ocrx_word' id='word_1_102' title='bbox 956 2310 1055 2389; x_wconf 84' lang='lat' dir='ltr'>attigit</span> <span class='ocrx_word' id='word_1_103' title='bbox 1067 2309 1199 2370; x_wconf 80' lang='lat' dir='ltr'>herbam.</span> 
     </span>
     <span class='ocr_line' id='line_1_20' title="bbox 398 2402 1186 2482; baseline -0.001 -19"><span class='ocrx_word' id='word_1_104' title='bbox 398 2404 533 2481; x_wconf 85' lang='lat' dir='ltr'>Daphni,</span> <span class='ocrx_word' id='word_1_105' title='bbox 549 2413 632 2463; x_wconf 90' lang='lat' dir='ltr'>tuum</span> <span class='ocrx_word' id='word_1_106' title='bbox 647 2406 766 2463; x_wconf 87' lang='lat' dir='ltr'>Poenos</span> <span class='ocrx_word' id='word_1_107' title='bbox 781 2403 871 2463; x_wconf 85' lang='lat' dir='ltr'>etiam</span> <span class='ocrx_word' id='word_1_108' title='bbox 884 2402 1066 2482; x_wconf 84' lang='lat' dir='ltr'>ingemuisse</span> <span class='ocrx_word' id='word_1_109' title='bbox 1080 2403 1186 2462; x_wconf 85' lang='lat' dir='ltr'>leones</span> 
     </span>
     <span class='ocr_line' id='line_1_21' title="bbox 398 2494 1172 2574; baseline -0.001 -18"><span class='ocrx_word' id='word_1_110' title='bbox 398 2496 560 2557; x_wconf 88' lang='lat' dir='ltr'>Interitum</span> <span class='ocrx_word' id='word_1_111' title='bbox 573 2505 752 2571; x_wconf 86' lang='lat' dir='ltr'>montesque</span> <span class='ocrx_word' id='word_1_112' title='bbox 765 2496 820 2555; x_wconf 85' lang='lat' dir='ltr'>leri</span> <span class='ocrx_word' id='word_1_113' title='bbox 834 2494 987 2574; x_wconf 80' lang='lat' dir='ltr'>silvaeque</span> <span class='ocrx_word' id='word_1_114' title='bbox 1002 2496 1172 2572; x_wconf 89' lang='lat' dir='ltr'>loquuntur.</span> 
     </span>
     <span class='ocr_line' id='line_1_22' title="bbox 398 2587 1163 2669; baseline -0.003 -20"><span class='ocrx_word' id='word_1_115' title='bbox 398 2589 542 2667; x_wconf 88' lang='lat' dir='ltr'>Daphnis</span> <span class='ocrx_word' id='word_1_116' title='bbox 555 2599 587 2649; x_wconf 90' lang='lat' dir='ltr'>et</span> <span class='ocrx_word' id='word_1_117' title='bbox 600 2588 759 2648; x_wconf 90' lang='lat' dir='ltr'>Armenias</span> <span class='ocrx_word' id='word_1_118' title='bbox 774 2607 860 2648; x_wconf 79' lang='lat' dir='ltr'>muni</span> <span class='ocrx_word' id='word_1_119' title='bbox 873 2590 1056 2669; x_wconf 82' lang='lat' dir='ltr'>subjungere</span> <span class='ocrx_word' id='word_1_120' title='bbox 1070 2587 1163 2667; x_wconf 84' lang='lat' dir='ltr'>tigres</span> 
     </span>
     <span class='ocr_line' id='line_1_23' title="bbox 398 2680 1381 2759; baseline -0.001 -17"><span class='ocrx_word' id='word_1_121' title='bbox 398 2681 544 2755; x_wconf 87' lang='lat' dir='ltr'>Instituit,</span> <span class='ocrx_word' id='word_1_122' title='bbox 560 2680 698 2759; x_wconf 88' lang='lat' dir='ltr'>Daphnis</span> <span class='ocrx_word' id='word_1_123' title='bbox 709 2681 824 2741; x_wconf 80' lang='lat' dir='ltr'>thiasos</span> <span class='ocrx_word' id='word_1_124' title='bbox 838 2681 980 2742; x_wconf 83' lang='lat' dir='ltr'>inducere</span> <span class='ocrx_word' id='word_1_125' title='bbox 995 2680 1105 2742; x_wconf 79' lang='lat' dir='ltr'>Bacchi</span> <span class='ocrx_word' id='word_1_126' title='bbox 1355 2703 1381 2741; x_wconf 69' lang='lat' dir='ltr'>ara</span> 
     </span>
     <span class='ocr_line' id='line_1_24' title="bbox 398 2774 1073 2835; baseline -0.003 0"><span class='ocrx_word' id='word_1_127' title='bbox 398 2777 443 2835; x_wconf 92' lang='lat' dir='ltr'>Et</span> <span class='ocrx_word' id='word_1_128' title='bbox 456 2774 535 2835; x_wconf 84' lang='lat' dir='ltr'>soliis</span> <span class='ocrx_word' id='word_1_129' title='bbox 548 2776 646 2835; x_wconf 85' lang='lat' dir='ltr'>lentas</span> <span class='ocrx_word' id='word_1_130' title='bbox 660 2774 794 2835; x_wconf 83' lang='lat' dir='ltr'>intexere</span> <span class='ocrx_word' id='word_1_131' title='bbox 807 2775 949 2835; x_wconf 87' lang='lat' dir='ltr'>mollibus</span> <span class='ocrx_word' id='word_1_132' title='bbox 962 2774 1073 2834; x_wconf 82' lang='lat' dir='ltr'>hastas.</span> 
     </span>
     <span class='ocr_line' id='line_1_25' title="bbox 397 2867 1161 2942; baseline -0.007 -16"><span class='ocrx_word' id='word_1_133' title='bbox 397 2868 481 2928; x_wconf 86' lang='lat' dir='ltr'>Vitis</span> <span class='ocrx_word' id='word_1_134' title='bbox 494 2878 528 2928; x_wconf 89' lang='lat' dir='ltr'>ut</span> <span class='ocrx_word' id='word_1_135' title='bbox 540 2867 696 2929; x_wconf 77' lang='lat' dir='ltr'>arborilnrs</span> <span class='ocrx_word' id='word_1_136' title='bbox 711 2868 813 2927; x_wconf 87' lang='lat' dir='ltr'>decori</span> <span class='ocrx_word' id='word_1_137' title='bbox 827 2877 882 2942; x_wconf 82' lang='lat' dir='ltr'>est,</span> <span class='ocrx_word' id='word_1_138' title='bbox 897 2878 931 2927; x_wconf 91' lang='lat' dir='ltr'>ut</span> <span class='ocrx_word' id='word_1_139' title='bbox 944 2867 1054 2927; x_wconf 88' lang='lat' dir='ltr'>vitibus</span> <span class='ocrx_word' id='word_1_140' title='bbox 1068 2883 1161 2937; x_wconf 54' lang='lat' dir='ltr'>uvae,</span> 
     </span>
     <span class='ocr_line' id='line_1_26' title="bbox 399 2958 1152 3040; baseline -0.004 -19"><span class='ocrx_word' id='word_1_141' title='bbox 399 2962 448 3021; x_wconf 91' lang='lat' dir='ltr'>Ut</span> <span class='ocrx_word' id='word_1_142' title='bbox 460 2961 600 3040; x_wconf 85' lang='lat' dir='ltr'>gregibus</span> <span class='ocrx_word' id='word_1_143' title='bbox 614 2960 697 3035; x_wconf 87' lang='lat' dir='ltr'>tauri,</span> <span class='ocrx_word' id='word_1_144' title='bbox 713 2970 832 3039; x_wconf 78' lang='lat' dir='ltr'>segetes</span> <span class='ocrx_word' id='word_1_145' title='bbox 845 2969 878 3020; x_wconf 92' lang='lat' dir='ltr'>ut</span> <span class='ocrx_word' id='word_1_146' title='bbox 891 2959 1051 3037; x_wconf 82' lang='lat' dir='ltr'>pinguibus</span> <span class='ocrx_word' id='word_1_147' title='bbox 1063 2958 1152 3031; x_wconf 86' lang='lat' dir='ltr'>arvis,</span> 
     </span>
     <span class='ocr_line' id='line_1_27' title="bbox 399 3050 1220 3129; baseline -0.005 -15"><span class='ocrx_word' id='word_1_148' title='bbox 399 3056 451 3113; x_wconf 92' lang='lat' dir='ltr'>Tu</span> <span class='ocrx_word' id='word_1_149' title='bbox 464 3054 555 3114; x_wconf 90' lang='lat' dir='ltr'>decus</span> <span class='ocrx_word' id='word_1_150' title='bbox 569 3071 660 3113; x_wconf 89' lang='lat' dir='ltr'>omne</span> <span class='ocrx_word' id='word_1_151' title='bbox 672 3054 740 3114; x_wconf 83' lang='lat' dir='ltr'>tuis</span> <span class='ocrx_word' id='word_1_152' title='bbox 785 3056 949 3129; x_wconf 83' lang='lat' dir='ltr'>Postquam</span> <span class='ocrx_word' id='word_1_153' title='bbox 962 3061 994 3112; x_wconf 87' lang='lat' dir='ltr'>te</span> <span class='ocrx_word' id='word_1_154' title='bbox 1006 3052 1068 3113; x_wconf 79' lang='lat' dir='ltr'>iata</span> <span class='ocrx_word' id='word_1_155' title='bbox 1080 3050 1220 3122; x_wconf 77' lang='lat' dir='ltr'>ulerunt,</span> 
     </span>
    </p>
   </div>
   <div class='ocr_carea' id='block_1_3' title="bbox 401 3138 1469 3405">
    <p class='ocr_par' dir='ltr' id='par_1_3' title="bbox 401 3138 1469 3405">
     <span class='ocr_line' id='line_1_28' title="bbox 401 3138 1380 3225; baseline -0.002 -18"><span class='ocrx_word' id='word_1_156' title='bbox 401 3149 477 3225; x_wconf 88' lang='lat' dir='ltr'>Ipsa</span> <span class='ocrx_word' id='word_1_157' title='bbox 490 3148 577 3207; x_wconf 90' lang='lat' dir='ltr'>Pales</span> <span class='ocrx_word' id='word_1_158' title='bbox 591 3165 678 3224; x_wconf 85' lang='lat' dir='ltr'>agros</span> <span class='ocrx_word' id='word_1_159' title='bbox 691 3156 782 3224; x_wconf 85' lang='lat' dir='ltr'>atque</span> <span class='ocrx_word' id='word_1_160' title='bbox 795 3138 861 3223; x_wconf 76' lang='lat' dir='ltr'>ipse</span> <span class='ocrx_word' id='word_1_161' title='bbox 874 3144 994 3222; x_wconf 85' lang='lat' dir='ltr'>reliquit</span> <span class='ocrx_word' id='word_1_162' title='bbox 1007 3144 1128 3221; x_wconf 81' lang='lat' dir='ltr'>Apollo</span> <span class='ocrx_word' id='word_1_163' title='bbox 1355 3166 1380 3205; x_wconf 76' lang='lat' dir='ltr'>ss</span> 
     </span>
     <span class='ocr_line' id='line_1_29' title="bbox 401 3235 1469 3317; baseline -0.003 -16"><span class='ocrx_word' id='word_1_164' title='bbox 401 3239 535 3301; x_wconf 86' lang='lat' dir='ltr'>Grandia</span> <span class='ocrx_word' id='word_1_165' title='bbox 547 3258 639 3317; x_wconf 89' lang='lat' dir='ltr'>saepe</span> <span class='ocrx_word' id='word_1_166' title='bbox 652 3240 761 3317; x_wconf 86' lang='lat' dir='ltr'>quibus</span> <span class='ocrx_word' id='word_1_167' title='bbox 775 3237 1109 3298; x_wconf 78' lang='lat' dir='ltr'>mandavimushordea</span> <span class='ocrx_word' id='word_1_168' title='bbox 1121 3235 1219 3308; x_wconf 82' lang='lat' dir='ltr'>sulcis,</span> <span class='ocrx_word' id='word_1_169' title='bbox 1468 3256 1469 3259; x_wconf 69' lang='grc'>’</span> 
     </span>
     <span class='ocr_line' id='line_1_30' title="bbox 402 3332 1128 3405; baseline 0.001 -14"><span class='ocrx_word' id='word_1_170' title='bbox 402 3332 512 3392; x_wconf 82' lang='lat' dir='ltr'>Infelix</span> <span class='ocrx_word' id='word_1_171' title='bbox 525 3332 629 3393; x_wconf 79' lang='lat' dir='ltr'>lolium</span> <span class='ocrx_word' id='word_1_172' title='bbox 643 3341 675 3393; x_wconf 86' lang='lat' dir='ltr'>et</span> <span class='ocrx_word' id='word_1_173' title='bbox 687 3332 805 3393; x_wconf 89' lang='lat' dir='ltr'>steriles</span> <span class='ocrx_word' id='word_1_174' title='bbox 819 3341 983 3392; x_wconf 86' lang='lat' dir='ltr'>nascuntur</span> <span class='ocrx_word' id='word_1_175' title='bbox 995 3349 1128 3405; x_wconf 82' lang='lat' dir='ltr'>aveuse3</span> 
     </span>
    </p>
   </div>
   <div class='ocr_carea' id='block_1_4' title="bbox 397 3424 1382 4061">
    <p class='ocr_par' dir='ltr' id='par_1_4' title="bbox 402 3424 1051 3503">
     <span class='ocr_line' id='line_1_31' title="bbox 402 3424 1051 3503; baseline -0.002 -18"><span class='ocrx_word' id='word_1_176' title='bbox 402 3426 462 3485; x_wconf 94' lang='lat' dir='ltr'>Pro</span> <span class='ocrx_word' id='word_1_177' title='bbox 475 3425 559 3485; x_wconf 91' lang='lat' dir='ltr'>molli</span> <span class='ocrx_word' id='word_1_178' title='bbox 573 3426 661 3499; x_wconf 88' lang='lat' dir='ltr'>viola,</span> <span class='ocrx_word' id='word_1_179' title='bbox 676 3443 732 3503; x_wconf 91' lang='lat' dir='ltr'>pro</span> <span class='ocrx_word' id='word_1_180' title='bbox 743 3443 894 3503; x_wconf 86' lang='lat' dir='ltr'>purpureo</span> <span class='ocrx_word' id='word_1_181' title='bbox 907 3424 1051 3497; x_wconf 79' lang='lat' dir='ltr'>narcisso,</span> 
     </span>
    </p>

    <p class='ocr_par' dir='ltr' id='par_1_5' title="bbox 401 3517 1060 3596">
     <span class='ocr_line' id='line_1_32' title="bbox 401 3517 1060 3596; baseline -0.003 -18"><span class='ocrx_word' id='word_1_182' title='bbox 401 3518 540 3579; x_wconf 85' lang='lat' dir='ltr'>carduus</span> <span class='ocrx_word' id='word_1_183' title='bbox 554 3528 585 3579; x_wconf 91' lang='lat' dir='ltr'>et</span> <span class='ocrx_word' id='word_1_184' title='bbox 599 3518 694 3596; x_wconf 80' lang='lat' dir='ltr'>spinis</span> <span class='ocrx_word' id='word_1_185' title='bbox 708 3518 800 3595; x_wconf 87' lang='lat' dir='ltr'>surgit</span> <span class='ocrx_word' id='word_1_186' title='bbox 813 3517 945 3595; x_wconf 85' lang='lat' dir='ltr'>paliurus</span> <span class='ocrx_word' id='word_1_187' title='bbox 957 3517 1060 3577; x_wconf 71' lang='lat' dir='ltr'>amida</span> 
     </span>
    </p>

    <p class='ocr_par' dir='ltr' id='par_1_6' title="bbox 399 3607 1382 3779">
     <span class='ocr_line' id='line_1_33' title="bbox 401 3607 1382 3690; baseline -0.004 -19"><span class='ocrx_word' id='word_1_188' title='bbox 401 3611 540 3690; x_wconf 86' lang='lat' dir='ltr'>Spargite</span> <span class='ocrx_word' id='word_1_189' title='bbox 554 3612 677 3671; x_wconf 89' lang='lat' dir='ltr'>humum</span> <span class='ocrx_word' id='word_1_190' title='bbox 690 3609 778 3684; x_wconf 83' lang='lat' dir='ltr'>foliis,</span> <span class='ocrx_word' id='word_1_191' title='bbox 793 3608 926 3670; x_wconf 89' lang='lat' dir='ltr'>inducite</span> <span class='ocrx_word' id='word_1_192' title='bbox 940 3610 1072 3670; x_wconf 82' lang='lat' dir='ltr'>fontibus</span> <span class='ocrx_word' id='word_1_193' title='bbox 1085 3607 1212 3680; x_wconf 85' lang='lat' dir='ltr'>umbras,</span> <span class='ocrx_word' id='word_1_194' title='bbox 1355 3629 1382 3667; x_wconf 78' lang='lat'>⁴0</span> 
     </span>
     <span class='ocr_line' id='line_1_34' title="bbox 399 3701 1109 3779; baseline -0.001 -17"><span class='ocrx_word' id='word_1_195' title='bbox 399 3705 561 3779; x_wconf 83' lang='lat' dir='ltr'>Pastores3</span> <span class='ocrx_word' id='word_1_196' title='bbox 579 3704 704 3764; x_wconf 83' lang='lat' dir='ltr'>mandat</span> <span class='ocrx_word' id='word_1_197' title='bbox 715 3703 780 3763; x_wconf 85' lang='lat' dir='ltr'>lieri</span> <span class='ocrx_word' id='word_1_198' title='bbox 794 3702 852 3763; x_wconf 90' lang='lat' dir='ltr'>sibi</span> <span class='ocrx_word' id='word_1_199' title='bbox 865 3703 937 3764; x_wconf 85' lang='lat' dir='ltr'>talia</span> <span class='ocrx_word' id='word_1_200' title='bbox 951 3701 1109 3779; x_wconf 77' lang='lat' dir='ltr'>Daphnis3</span> 
     </span>
    </p>

    <p class='ocr_par' dir='ltr' id='par_1_7' title="bbox 397 3794 1248 4061">
     <span class='ocr_line' id='line_1_35' title="bbox 399 3794 1248 3873; baseline -0.002 -17"><span class='ocrx_word' id='word_1_201' title='bbox 399 3798 443 3856; x_wconf 89' lang='lat' dir='ltr'>Et</span> <span class='ocrx_word' id='word_1_202' title='bbox 454 3797 602 3857; x_wconf 88' lang='lat' dir='ltr'>tumulum</span> <span class='ocrx_word' id='word_1_203' title='bbox 615 3796 712 3870; x_wconf 80' lang='lat' dir='ltr'>facite,</span> <span class='ocrx_word' id='word_1_204' title='bbox 727 3805 759 3856; x_wconf 90' lang='lat' dir='ltr'>et</span> <span class='ocrx_word' id='word_1_205' title='bbox 771 3796 888 3856; x_wconf 75' lang='lat' dir='ltr'>mraulo</span> <span class='ocrx_word' id='word_1_206' title='bbox 901 3794 1095 3873; x_wconf 83' lang='lat' dir='ltr'>superaddite</span> <span class='ocrx_word' id='word_1_207' title='bbox 1108 3809 1248 3854; x_wconf 72' lang='lat' dir='ltr'>oermetn</span> 
     </span>
     <span class='ocr_line' id='line_1_36' title="bbox 397 3887 1238 3972; baseline 0.001 -22"><span class='ocrx_word' id='word_1_208' title='bbox 397 3889 542 3967; x_wconf 85' lang='lat' dir='ltr'>Daphnis</span> <span class='ocrx_word' id='word_1_209' title='bbox 555 3905 613 3972; x_wconf 87' lang='lat' dir='ltr'>ego</span> <span class='ocrx_word' id='word_1_210' title='bbox 626 3889 658 3948; x_wconf 86' lang='lat' dir='ltr'>in</span> <span class='ocrx_word' id='word_1_211' title='bbox 672 3888 762 3963; x_wconf 81' lang='lat' dir='ltr'>silvis,</span> <span class='ocrx_word' id='word_1_212' title='bbox 777 3887 848 3947; x_wconf 86' lang='lat' dir='ltr'>hinc</span> <span class='ocrx_word' id='word_1_213' title='bbox 860 3903 959 3964; x_wconf 77' lang='lat' dir='ltr'>usque</span> <span class='ocrx_word' id='word_1_214' title='bbox 971 3887 1016 3948; x_wconf 87' lang='lat' dir='ltr'>ad</span> <span class='ocrx_word' id='word_1_215' title='bbox 1025 3887 1129 3952; x_wconf 57' lang='lat' dir='ltr'>sideru</span> <span class='ocrx_word' id='word_1_216' title='bbox 1138 3894 1238 3960; x_wconf 55' lang='lat' dir='ltr'>notu</span> 
     </span>
     <span class='ocr_line' id='line_1_37' title="bbox 397 3979 1177 4061; baseline -0.005 -17"><span class='ocrx_word' id='word_1_217' title='bbox 397 3982 542 4045; x_wconf 86' lang='lat' dir='ltr'>Formosi</span> <span class='ocrx_word' id='word_1_218' title='bbox 553 3981 672 4061; x_wconf 57' lang='lat' dir='ltr'>pem</span> <span class='ocrx_word' id='word_1_219' title='bbox 684 3991 796 4056; x_wconf 64' lang='lat' dir='ltr'>cutes</span> <span class='ocrx_word' id='word_1_220' title='bbox 809 3980 969 4049; x_wconf 68' lang='lat' dir='ltr'>hemodos</span> <span class='ocrx_word' id='word_1_221' title='bbox 980 3979 1055 4058; x_wconf 75' lang='lat' dir='ltr'>ipse.</span> <span class='ocrx_word' id='word_1_222' title='bbox 1174 4051 1177 4056; x_wconf 21' lang='lat'>¹</span> 
     </span>
    </p>
   </div>
   <div class='ocr_carea' id='block_1_5' title="bbox 0 0 1780 4859">
    <p class='ocr_par' dir='ltr' id='par_1_8' title="bbox 0 0 1780 4859">
     <span class='ocr_line' id='line_1_38' title="bbox 0 0 1780 4859; baseline 0 0"><span class='ocrx_word' id='word_1_223' title='bbox 0 0 1780 4859; x_wconf 95' lang='lat' dir='ltr'> </span> 
     </span>
    </p>
   </div>
  </div>
 </body>
</html>
