3550 4859
406 567 463 610 110
657 617 661 623 ,
719 568 745 612 r.
765 568 899 612 vinorum
920 568 1064 614 morus

403 711 537 789 Navigiis
551 711 646 789 pinos,
662 712 801 773 domibus
815 714 998 790 cedrumque
1011 731 1249 790 cupressosque3

403 806 486 866 Hinc
499 807 597 865 radios
611 805 715 866 trivere
728 806 810 879 rotis,
825 806 896 866 hinc
910 818 1052 884 tympana
1064 806 1202 883 plaustris

401 899 566 977 Agricolae,
583 909 612 958 et
626 900 742 976 pandas
756 901 867 959 ratibus
882 918 1008 976 posuere
1023 899 1138 960 carinas
1146 921 1156 975 5

401 992 570 1051 Viminibus
586 993 691 1051 salices
705 993 859 1066 fecundae,
875 992 1031 1052 frondibus
1045 993 1126 1067 ulmi,

367 1124 369 1128 -
402 1088 444 1145 At
458 1096 568 1163 myrtus
582 1085 687 1144 validis
701 1084 856 1144 hastilibus
870 1095 901 1145 et
914 1088 995 1145 bona
1008 1087 1090 1147 bello

402 1180 538 1252 Comus;
560 1181 694 1238 Ituraeos
708 1178 769 1237 taxi
783 1188 959 1255 torquentur
972 1179 1002 1238 in
1017 1198 1122 1255 arcus3

402 1275 468 1333 Nec
483 1271 563 1332 tiliae
577 1273 657 1331 leves
672 1281 723 1330 aut
736 1282 823 1331 torno
838 1272 924 1333 rasile
938 1274 1050 1332 buxum

402 1369 474 1426 Non
488 1368 611 1424 formam
627 1364 777 1441 accipiunt
790 1366 926 1443 ferroque
940 1377 1082 1426 cavantur
1096 1376 1204 1442 acuto;

401 1461 468 1519 Nec
483 1478 543 1518 non
559 1469 588 1518 et
603 1468 762 1517 torrentem
776 1461 887 1518 undam
904 1459 976 1519 levis
990 1459 1104 1520 innatat
1119 1461 1213 1534 alnus,

402 1552 498 1612 Missa
512 1552 615 1625 Pado,
635 1571 767 1611 necnon
782 1564 812 1613 et
827 1572 899 1629 apes
914 1553 1051 1613 examina
1064 1554 1200 1615 condunt

401 1645 627 1721 Corticibusque
643 1646 722 1704 cavis
736 1645 920 1722 vitiosaeque
935 1646 1010 1705 ilicis
1024 1648 1117 1706 alveo¹

401 1737 482 1815 Quid
497 1739 725 1797 memorandum
739 1758 834 1815 aeque
849 1739 997 1799 Baccheia
1011 1741 1092 1800 dona
1105 1740 1253 1799 tulerunt?

401 1832 536 1891 Bacchus
551 1842 579 1890 et
594 1832 632 1890 ad
648 1833 766 1908 eulpam
781 1851 902 1892 caussas
916 1832 1016 1892 dedit:
1037 1832 1087 1892 ille
1101 1834 1232 1892 furentes

400 1925 568 1987 Centauros
584 1924 644 1982 leto
659 1924 783 1998 domuit,
800 1927 1012 2001 Rhoetumque
1028 1926 1216 2002 Pholumque

400 2019 439 2077 Et
453 2036 562 2093 magno
578 2018 729 2095 Hylaeum
744 2017 879 2095 Lapithis
894 2028 1005 2078 cratere
1020 2018 1192 2077 minantem.

440 2113 468 2171 Ο
483 2110 647 2170 fortunatos
662 2110 794 2185 nimium,
811 2130 864 2170 sua
878 2111 904 2170 si
918 2112 999 2170 bona
1013 2111 1120 2196 norint,

400 2203 562 2282 Agricolas,
579 2204 687 2280 quibus
701 2203 774 2281 ipsa,
790 2205 893 2282 procul
908 2204 1095 2264 discordibus
1109 2203 1206 2279 armis,

400 2297 511 2357 Fundit
525 2297 618 2356 humo
631 2298 749 2357 facilem
762 2298 874 2357 victum
886 2298 1051 2374 justissima
1064 2298 1168 2358 tellus!

399 2389 429 2451 Si
444 2409 504 2449 non
520 2389 670 2467 ingentem
685 2390 797 2450 foribus
812 2391 921 2450 domus
936 2393 997 2451 alta
1010 2390 1145 2467 superbis

400 2485 492 2542 Mane
507 2484 686 2543 salutantum
701 2482 771 2543 totis
785 2483 878 2543 vomit
893 2483 1017 2544 aedibus
1031 2484 1151 2558 undam,

399 2576 465 2635 Nec
479 2575 576 2635 varios
591 2576 705 2636 inhiant
719 2577 842 2653 pulchra
855 2577 1004 2637 testudine
1018 2588 1129 2654 postes,

399 2670 565 2744 Illusasque
580 2689 651 2728 auro
665 2681 770 2744 vestes,
788 2671 996 2748 Ephyreiaque
1011 2690 1087 2745 aera,

399 2763 479 2821 Alba
493 2782 590 2838 neque
606 2762 729 2840 Assyrio
743 2763 859 2822 fucatur
873 2765 943 2823 lana
956 2783 1082 2838 veneno,

398 2856 429 2914 N
430 2875 464 2915 ee
478 2855 559 2915 casia
572 2855 676 2931 liquidi
691 2856 886 2933 corrumpitur
900 2876 971 2917 usus
985 2857 1074 2917 olivi:

397 2950 439 3007 At
454 2967 556 3007 secura
570 2948 654 3024 quies
668 2959 698 3007 et
712 2948 813 3008 nescia
826 2950 927 3009 fallere
941 2950 1010 3024 vita,

398 3040 491 3100 Dives
506 3060 596 3118 opum
611 3041 764 3116 variarum,
779 3052 810 3102 at
824 3043 891 3102 latis
905 3042 967 3103 otia
980 3042 1088 3118 fundis,

397 3135 573 3211 Speluncae,
588 3133 706 3210 vivique
721 3136 810 3209 lacus,
827 3145 857 3195 at
871 3135 976 3212 frigida
989 3139 1113 3213 Tempe,

398 3228 593 3304 Mugitusque
606 3228 708 3301 boum,
724 3228 889 3304 mollesque
905 3231 960 3289 sub
975 3231 1080 3289 arbore
1094 3228 1192 3289 somni

398 3321 469 3379 Non
483 3322 611 3395 absunt;
632 3319 691 3379 illic
706 3321 797 3380 saltus
812 3339 847 3380 ac
861 3322 952 3381 lustra
966 3324 1099 3396 ferarum,

397 3413 437 3473 Et
450 3412 566 3489 patiens
580 3433 703 3490 operum
718 3413 885 3491 exiguoque
900 3415 1025 3487 adsueta
1035 3418 1184 3492 juventus,

396 3507 486 3567 Sacra
500 3507 597 3579 deum,
614 3506 769 3584 sanctique
784 3518 902 3585 patres3
924 3519 1055 3568 extrema
1067 3521 1122 3586 per
1134 3509 1202 3569 illos

395 3598 515 3677 Justitia
529 3600 676 3659 excedens
690 3600 773 3659 terris
787 3600 911 3678 vestigia
924 3602 1001 3662 fecit.

438 3694 491 3752 Me
505 3712 575 3752 vero
590 3692 716 3770 primum
732 3694 835 3754 dulces
849 3705 919 3754 ante
933 3695 1034 3755 omnia
1049 3698 1166 3771 Musae,

396 3786 531 3862 Quarum
546 3805 627 3845 sacra
642 3788 704 3846 fero
718 3786 832 3865 ingenti
845 3807 1003 3865 percussus
1018 3808 1128 3863 amore,

396 3878 564 3956 Accipiant,
580 3879 715 3956 coelique
729 3881 792 3940 vias
807 3892 837 3941 et
850 3882 948 3941 sidera
961 3892 1134 3958 monstrent,

397 3974 541 4035 Defectus
556 3972 626 4033 solis
640 3973 746 4049 varios,
761 3974 910 4052 lunaeque
924 3976 1053 4050 labores,
