3550 4859
676 552 966 600 imm'ul
988 554 1011 598 ἲ.

355 700 445 763 Victa
456 696 654 778 jeoet'pietns,
669 710 701 762 et
711 697 803 777 Virgo
817 699 913 762 caede
923 699 1090 775 madentes

356 794 472 856 Ultima
486 793 659 867 coelestum,
674 802 766 854 terras
780 794 909 854 Annaea
919 792 1048 871 reliquit.

355 889 442 949 Neve
456 887 532 948 soret
545 884 628 947 terris
643 884 773 946 securior
786 886 897 948 arduus
909 886 1021 960 aether,

355 982 521 1041 Affectasse
535 980 633 1040 ferunt
646 995 770 1055 regnum
783 980 915 1041 coeleste
928 978 1081 1057 Gigantas,

354 1075 485 1151 Altaque
500 1081 658 1149 congestos
673 1070 813 1133 struxisse
826 1073 866 1136 ad
879 1072 979 1134 sidera
990 1083 1117 1135 montes.

355 1169 435 1227 Tum
450 1176 534 1244 pater
547 1163 738 1242 omnipotens
751 1163 843 1226 misso
857 1166 996 1243 perfregit
1009 1167 1173 1245 Olympum

356 1258 503 1333 Fulmina,
519 1268 549 1319 et
563 1256 692 1319 excussit
706 1259 843 1335 subjecto
858 1259 966 1320 Pelion
980 1259 1083 1320 Ossae

356 1354 473 1415 Obruta
486 1352 565 1412 mole
580 1370 634 1412 sua
646 1369 740 1426 quum
753 1369 881 1427 corpora
893 1350 958 1411 dira
968 1352 1111 1431 jacerent,

357 1446 510 1506 Persusam
524 1444 618 1503 multo
632 1454 774 1504 natorum¹
785 1442 929 1520 sangnine
942 1446 1066 1505 Terram

356 1537 555 1599 immaduisse
569 1538 665 1597 lerunt
678 1534 869 1612 calidumque
881 1534 1029 1600 animmse
1043 1556 1187 1614 onorem,

357 1634 405 1706 Et,
421 1651 459 1691 ne
473 1631 556 1690 nulla
569 1648 641 1690 suae
655 1628 754 1706 stirpis
767 1640 964 1691 monumenta
976 1643 1139 1706 manerent,

356 1726 395 1784 In
409 1723 516 1784 faciem
529 1722 649 1783 vertisse
663 1721 827 1783 hominum.
870 1724 930 1784 Sed
944 1734 975 1784 ct
987 1724 1038 1784 illa
1051 1743 1185 1803 propago

357 1815 544 1878 Contemtrix
557 1835 697 1893 superum
711 1834 877 1892 metatque
891 1816 1062 1878 avidissima
1075 1818 1177 1880 caedis

356 1912 397 1971 Et
409 1910 541 1970 violenta
554 1909 609 1968 suit
621 1931 628 1968 :
648 1908 738 1969 scires
751 1928 769 1969 e
783 1908 927 1986 sangiune
939 1920 1036 1971 natos

356 2003 444 2079 Quae
458 2013 542 2080 pater
553 2013 587 2063 ut
601 2020 717 2062 summa
729 2001 804 2063 vidit
818 2002 972 2064 Saturnius
985 2022 1061 2080 arce3

355 2094 487 2173 Ingemit
501 2105 540 2169 et,
554 2095 632 2156 sacto
647 2095 782 2156 nondum
796 2097 917 2173 vulgata
928 2097 1049 2172 recenti,

354 2189 461 2249 Foeda
474 2186 644 2267 Lycaoniae
657 2188 787 2249 reserens
800 2188 939 2250 convivia
951 2205 1082 2266 mensae,

354 2284 499 2359 Ingentes
513 2280 613 2340 animo
628 2292 658 2341 et
672 2279 777 2358 dignas
789 2283 866 2357 Jove
879 2282 1012 2361 concipit
1025 2284 1092 2359 iras.

354 2371 586 2448 Conciliumque
599 2381 705 2432 vocat:
726 2370 821 2433 tenuit
834 2392 919 2434 mora
931 2375 1015 2436 nulla
1027 2385 1159 2438 vocatos.

353 2467 410 2526 Est
424 2464 473 2526 via
486 2463 629 2537 sublimis,
644 2466 731 2525 coelo
745 2464 903 2527 manifesta
915 2486 1041 2544 seren03

352 2560 468 2619 Lactea
481 2576 592 2620 nomen
605 2557 705 2631 habet,
720 2558 851 2619 candore
864 2559 1005 2621 notabilis
1020 2561 1105 2639 ipso:

353 2653 427 2713 Hac
441 2651 496 2713 iter
510 2663 554 2712 est
569 2650 681 2727 superis
695 2651 735 2711 ad
748 2651 850 2730 magni
863 2662 944 2713 tecta
956 2654 1104 2714 Tonantis

354 2746 561 2823 Regalemque
575 2744 707 2804 domum.
750 2746 864 2806 Dextra
878 2746 1022 2823 laevaque
1037 2747 1162 2807 deorum

353 2838 441 2899 Atria
454 2836 599 2898 nobilium
614 2836 707 2897 valvis
720 2838 909 2899 celebrantur
922 2838 1030 2917 apertis
1040 2861 1050 2914 3

355 2932 446 2993 Plebs
460 2930 575 2991 habitat
588 2929 705 2990 diversa
718 2929 811 3006 locis3
830 2950 849 2992 a
862 2932 960 2992 fronte
973 2942 1114 3009 potentes

355 3024 530 3086 Coelicolae
543 3022 674 3099 clarique
688 3042 760 3083 suos
773 3042 900 3101 posuere
913 3036 1045 3103 penates

355 3117 420 3179 Hic
433 3118 517 3177 locus
531 3127 584 3190 est,
600 3135 699 3192 quem,
713 3115 740 3177 si
754 3117 852 3179 verbis
865 3116 992 3179 audacia
1004 3119 1099 3192 detur,

356 3211 451 3271 Haud
465 3209 586 3269 timeam
600 3208 700 3286 magni
713 3208 823 3272 dixisse
838 3210 954 3272 Palatia
967 3210 1052 3274 coeli

356 3304 437 3380 Ergo
450 3302 502 3362 ubi
516 3320 681 3363 marmoreo
695 3302 794 3380 superi
807 3305 912 3364 sedere
924 3322 1052 3379 recessu,

356 3395 474 3456 Celsior
485 3394 549 3472 ipse
563 3396 632 3456 loco
646 3406 824 3473 sceptroque
837 3395 956 3457 innixus
970 3398 1084 3458 ebumo

355 3487 528 3550 Terrificam
542 3488 648 3566 capitis
661 3488 814 3549 concussit
827 3499 931 3566 terque
944 3501 1108 3567 quaterque

356 3580 536 3655 Caesariem,
551 3600 621 3644 cum
634 3601 695 3658 qua
708 3591 826 3656 terram,
840 3599 930 3657 mure,
946 3581 1044 3643 sidera
1057 3581 1159 3645 movit

355 3674 480 3735 Talibus
494 3673 565 3735 inde
579 3673 677 3734 modis
692 3692 745 3733 ora
757 3672 944 3751 indignantis
957 3674 1063 3736 solvit:

356 3770 429 3828 Non
444 3785 500 3845 ego
513 3785 569 3845 pro
583 3766 687 3827 mundi
700 3784 793 3843 regno
806 3766 903 3845 magis
916 3766 1019 3828 annus
1033 3767 1085 3828 illa

356 3862 550 3938 Tempestate
564 3859 614 3933 fui,
630 3878 690 3936 qua
702 3870 824 3920 centum
839 3858 965 3937 quisque
977 3862 1102 3940 parabat

356 3952 486 4031 injicere
500 3950 701 4031 anguipedum
714 3951 834 4030 captivo
845 3953 970 4024 hraclxin
978 3955 1089 4020 coelo:
