3550 4859
398 555 438 612 ιο·
719 567 758 612 ·r.
774 565 883 613 oerorr·
900 565 1038 614 ussoms

437 714 503 774 Nec
517 711 616 774 minus
630 712 778 776 Heliades
790 713 878 774 fletus
892 723 930 788 et,
946 712 1047 774 inania
1060 711 1148 774 morti
1336 741 1376 783 ,φ

396 808 533 880 Munera,
549 806 624 868 dant
637 805 781 882 lacrimas,
795 817 826 867 et
839 825 945 867 caesae
960 815 1081 885 pectora
1093 805 1201 884 palmis

396 900 468 959 Non
483 898 650 960 auditurum
663 900 786 961 miseras
801 900 990 961 Phadthonta
1002 901 1138 977 querelas
1231 968 1234 973 ,
1284 894 1287 898 ’

394 994 496 1053 Nocte
510 992 619 1069 dieque
632 1005 750 1068 vocant,
766 994 1035 1071 adsternunturque
1050 993 1194 1071 sepulcro.

397 1086 483 1145 Luna
497 1096 601 1163 quater
611 1086 723 1163 junctis
736 1085 1028 1163 implerstcornibus
1040 1087 1144 1147 orbem
1157 1109 1165 1148 r

396 1178 472 1239 Illae
485 1198 569 1239 more
584 1197 767 1240 suo-narn
780 1191 895 1240 morem
909 1180 1153 1240 feceratusus—
1337 1210 1374 1249 ³4,

397 1272 573 1349 Plangorem
588 1260 739 1334 dederant
782 1272 891 1350 Equis
905 1272 1083 1347 Phaethusa,
1098 1291 1235 1334 sororum

397 1364 539 1439 Maxima,
552 1385 643 1443 quum
657 1368 747 1427 vellet
760 1376 854 1427 terrae
867 1367 1071 1445 procumbere,
1088 1376 1193 1443 questa
1207 1376 1254 1427 est

396 1457 560 1536 Diriguisse
574 1460 687 1537 pedes3
707 1460 746 1520 ad
760 1477 851 1537 quarn
865 1469 974 1520 conata
986 1458 1087 1520 venire

397 1550 536 1613 Candida
549 1551 713 1630 Lampetie,
728 1553 828 1613 subita
840 1552 940 1614 radice
952 1563 1069 1613 retenta
1082 1563 1148 1628 est;

396 1644 506 1718 Tertia,
522 1665 613 1723 quum
627 1640 739 1706 crin'ern
752 1645 891 1706 manrhus
904 1645 1015 1711 laniare
1029 1655 1154 1721 pararet,
1337 1676 1376 1715 aso

397 1738 508 1797 Avellit
521 1738 661 1814 frondes;
681 1739 755 1800 haec
770 1738 870 1817 stipite
883 1757 969 1800 crura
981 1737 1084 1813 teneri,

397 1830 455 1891 Illa
468 1831 551 1891 dolet
564 1832 628 1892 fieri
642 1833 747 1909 longos
761 1849 815 1893 sna
827 1832 951 1893 brachia
963 1849 1070 1891 ramos

398 1924 538 2000 Dumque
553 1944 589 1985 ea
602 1924 751 1999 mirantur,
766 1923 975 2003 complectitur
988 1923 1110 2002 inguina
1122 1935 1234 2000 cortex,

398 2015 513 2094 Perque
527 2018 635 2095 gradus
649 2029 766 2079 uterum
779 2028 945 2096 pectusque
959 2018 1158 2095 humerosque
1173 2038 1338 2097 manusque

398 2110 510 2185 Ambit,
525 2121 556 2171 et
570 2112 727 2172 exstabant
738 2121 855 2171 matum
869 2127 923 2171 ora
935 2110 1074 2171 vocantia
1088 2122 1219 2172 matrem
1336 2141 1374 2181 355

398 2203 480 2279 Quid
493 2204 583 2265 saciat
596 2214 698 2278 mater,
713 2203 778 2279 nisi,
794 2221 855 2281 quo
868 2204 966 2264 trahat
980 2202 1108 2282 impetus
1122 2204 1212 2279 illam,
1346 2205 1352 2217 '

398 2300 471 2358 Huc
485 2307 533 2357 eat
548 2309 636 2374 atque
650 2296 729 2371 illuc,
745 2307 784 2371 et,
799 2296 871 2357 dum
885 2296 1082 2371 licet,‚oscula
1095 2298 1221 2375 jungat?

288 2425 291 2430 -
397 2392 469 2452 Non
484 2392 555 2452 satis
569 2402 632 2452 est:
653 2390 764 2451 aunem
778 2390 905 2452 avellere
918 2407 1045 2468 corpora
1058 2400 1153 2451 tentat

397 2486 437 2545 Et
452 2497 570 2547 teneros
584 2484 720 2545 manibus
733 2502 832 2544 ramos
845 2482 1015 2561 abrumpit3
1035 2493 1067 2543 at
1080 2483 1150 2544 inde

397 2580 583 2657 Sanguineae
598 2589 721 2640 manant
734 2587 876 2655 tanquam
890 2577 930 2640 de
943 2578 1064 2637 vulnere
1078 2587 1186 2653 guttae.
1337 2593 1375 2645 ,so

397 2671 498 2746 Parce,
514 2693 627 2750 precor,
643 2682 747 2746 mater,
762 2689 959 2747 quaecunque
973 2680 1020 2731 est
1034 2670 1135 2730 saucia
1147 2671 1264 2745 clamat,

397 2766 498 2840 Parce,
514 2785 638 2843 precor:
657 2775 793 2827 nostrum
807 2765 951 2825 laceratur
963 2763 995 2824 in
1009 2764 1114 2824 arbore
1128 2781 1244 2841 corpus

395 2858 523 2936 Jamque
537 2861 611 2920 vale.
621 2894 664 2904 —
674 2860 786 2921 Cortex
797 2857 831 2937 in
844 2858 935 2918 verba
948 2855 1110 2917 novissima
1122 2856 1212 2917 venit

397 2951 474 3011 Inde
488 2952 583 3013 fluunt
597 2952 743 3027 lacrimae,
759 2952 929 3029 stillataque
942 2951 1007 3011 sole
1021 2948 1169 3026 rigescunt

279 3061 281 3065 ·
396 3044 445 3103 De
459 3045 548 3105 ramis
563 3046 672 3106 electra
685 3046 780 3121 novis,
796 3064 878 3126 quae
888 3044 1004 3105 lucidus
1018 3042 1116 3103 amnis
1336 3059 1375 3112 ,σε

397 3136 516 3215 Excipit
531 3148 562 3198 et
575 3137 698 3199 nuribus
712 3138 802 3200 mittit
815 3138 960 3217 gestanda
974 3135 1097 3197 Latinis.

436 3230 531 3291 affuit
545 3231 614 3291 huie
629 3242 763 3293 monstro
777 3233 875 3310 proles
889 3231 1060 3316 Stheneleia
1073 3230 1204 3307 Cygnus,

397 3322 457 3398 Qui
471 3323 525 3384 tibi
539 3336 674 3385 materno
688 3324 823 3402 quamvis
837 3344 855 3385 a
869 3324 1012 3402 sanguine
1024 3324 1154 3400 junctus,

397 3417 503 3477 Mente
518 3427 626 3492 tamen,
643 3418 809 3493 Phaethon,
824 3417 945 3496 propior
958 3418 1020 3478 fuit
1063 3417 1121 3476 Ille
1135 3414 1239 3476 relicto
1249 3448 1290 3460 —

397 3509 477 3568 Nam
492 3509 633 3589 Ligurum
648 3512 777 3588 populos
790 3522 957 3589 etmagnas
971 3522 1085 3572 rexerat
1098 3510 1239 3570 urbes—
1338 3538 1378 3577 aro

396 3601 529 3678 I-mperio
544 3602 623 3680 ripas
637 3602 746 3663 virides
760 3621 941 3681 amnemque
956 3604 1083 3681 querelis

397 3693 560 3754 Eridanum
575 3695 712 3773 implerat
726 3696 890 3773 silvamque
905 3696 1055 3757 sororibus
1069 3705 1207 3771 auctam

398 3787 499 3862 Quum
513 3807 572 3848 vox
586 3800 631 3848 est
645 3798 766 3849 tenuata
778 3790 851 3863 vim,
867 3808 1021 3866 canaeque
1034 3789 1160 3866 capillos

353 3969 356 3974 Ι
398 3878 596 3941 Dissimulant
609 3882 737 3959 plumae,
752 3883 924 3959 collumque
937 3902 956 3942 a
969 3892 1090 3960 pectore
1104 3882 1194 3959 longe

398 3972 558 4051 Porrigitur
571 3974 739 4053 digitosque
752 3972 824 4053 ligat
835 3976 974 4051 junctura
986 3976 1136 4049 rubentes,
1339 3999 1378 4042 ns
