3550 4859
687 585 899 633 mmm
919 587 981 633 UD.
1003 588 1023 633 1.

370 734 517 809 Coeperat
526 752 535 806 3
556 728 657 793 irridet
670 732 768 811 primo
781 733 832 811 pia
843 744 917 795 vota
929 735 1061 812 Lycaon,

369 827 446 885 Mox
458 824 507 897 ait,
525 824 675 901 Experiar,
691 825 766 886 deus
779 826 837 900 bic,
852 825 1023 888 discrimine
1037 835 1151 905 aperto,

366 920 417 977 An
431 917 469 978 sit
482 916 623 991 montiis,
637 936 695 978 nec
709 918 764 978 erit
777 918 943 979 dubitabile
953 937 1066 979 verum.

366 1012 467 1071 Nocte
480 1028 600 1087 gravem
613 1029 721 1070 somno
735 1029 793 1071 nec
806 1010 899 1088 opina
910 1012 1036 1089 perdere
1048 1021 1144 1073 morte

368 1106 422 1164 Me
435 1113 538 1181 parat:
557 1102 689 1163 haecilli
703 1104 803 1180 placet
816 1103 1080 1181 experientiaveri
1307 1133 1344 1173 ις

367 1198 434 1256 Nec
448 1205 605 1257 contentus
619 1214 666 1269 eo,
681 1194 764 1256 missi
778 1196 817 1257 de
830 1207 920 1274 geute
935 1198 1072 1258 Molossa

366 1288 489 1350 Obsidis
502 1289 589 1350 unius
601 1289 736 1366 jugulum
749 1281 893 1350 mucrone
906 1290 1034 1365 resolvit,

367 1384 467 1459 Atque
480 1380 523 1442 ita
535 1382 700 1443 semineces
714 1382 821 1460 partim
835 1382 1017 1443 ferventibus
1031 1392 1111 1444 artus

366 1474 468 1536 Mollit
481 1474 565 1552 aquis
579 1475 686 1553 partim
701 1477 838 1553 subjecto
852 1474 957 1536 torruit
969 1474 1039 1553 igni

366 1569 451 1643 Quos
465 1566 551 1628 simul
564 1568 705 1647 imposuit
718 1568 839 1643 mensis,
855 1587 913 1646 ego
925 1567 1045 1630 vindice
1058 1569 1180 1629 flamma
1305 1593 1345 1634 ιφ

366 1663 404 1721 In
419 1661 573 1722 dominum
587 1662 753 1739 dignosque
767 1662 859 1724 everti
873 1672 954 1723 tecta
967 1663 1103 1723 Penates.

365 1754 497 1815 Territus
511 1754 574 1832 ipse
588 1754 671 1833 sugit,
686 1766 850 1833 uacuasque
865 1753 984 1816 silentia
995 1754 1070 1816 ruris

367 1849 506 1908 Exululat
519 1848 684 1925 flustraque
697 1848 780 1925 loqui
794 1859 937 1910 conatur:
957 1848 997 1909 ab
1010 1847 1078 1926 ipso

365 1940 487 2018 Colligit
501 1959 535 2001 os
548 1941 669 2015 rabiem,
686 1942 849 2019 solitaeque
863 1941 1005 2019 cupidine
1018 1940 1120 2003 caedis

364 2033 496 2093 Vertitur
508 2033 540 2093 in
553 2035 685 2111 pecudes
696 2054 705 2109 ;
725 2044 755 2095 et
768 2054 849 2096 nunc
863 2036 987 2113 qnoque
999 2033 1143 2113 sangiune
1155 2032 1273 2113 gaudet.
1304 2059 1342 2100 ms

364 2128 404 2186 In
417 2125 503 2201 villos
517 2128 628 2187 abeunt
642 2137 748 2202 vestes,
763 2127 795 2187 in
808 2147 896 2189 crura
908 2128 1010 2189 lacerti
1020 2149 1030 2203 ;

365 2219 414 2280 Fit
427 2220 522 2297 lupus,
538 2230 568 2280 et
581 2220 689 2281 veteris
703 2231 800 2281 servat
812 2221 937 2299 vestigia
949 2222 1081 2283 formaer

364 2311 498 2373 Canities
512 2313 617 2373 eadem
632 2325 685 2387 est,
701 2314 807 2374 eadem
821 2313 965 2375 violentia
975 2316 1083 2390 vultus,

363 2406 452 2466 Idem
466 2406 545 2467 oculi
558 2406 668 2481 lucent,
683 2407 788 2467 eadem
803 2406 926 2468 feritatis
940 2407 1047 2485 imago.
1397 2484 1401 2492 Ι

363 2498 483 2561 Occidit
497 2518 557 2560 una
570 2500 697 2575 domus3
718 2501 771 2561 sed
785 2519 847 2561 nou
862 2501 970 2561 domus
984 2520 1044 2562 una
1057 2498 1152 2578 perire
1303 2517 1342 2571 ιφ

363 2592 465 2670 Digna
477 2592 531 2653 fuit
543 2615 549 2653 :
563 2612 622 2670 qua
635 2603 712 2654 terra
724 2604 816 2671 patet,
830 2595 893 2655 sera
906 2605 1010 2671 regnat
1026 2592 1171 2673 Erinnys3

362 2688 403 2746 In
414 2685 528 2746 facinus
540 2688 651 2765 jurasse
665 2697 761 2764 putes.
804 2689 887 2747 Dent
902 2687 986 2747 ocius
1000 2705 1114 2761 omnes,
1323 2765 1327 2774 .

362 2779 447 2855 Quas
460 2798 592 2840 meruere
605 2778 667 2856 pati
676 2813 717 2823 -
726 2778 769 2839 sic
783 2789 842 2840 stat
855 2779 1054 2840 sententia-
1061 2798 1184 2857 poenas.
1313 2793 1316 2798 ·

362 2871 455 2932 Dicta
467 2871 551 2949 Jovis
564 2891 631 2949 pars
642 2890 717 2932 voce
731 2874 860 2948 probant
874 2873 1069 2950 stimulosque
1082 2871 1220 2933 frementi

361 2964 536 3042 Adjiciunt3
556 2964 607 3024 alii
619 2975 719 3042 partes
733 2964 905 3026 assensibus
917 2964 1049 3043 implent.
1300 2991 1339 3034 us

362 3059 418 3117 Est
432 3068 532 3117 tamen
546 3057 668 3117 humani
681 3056 797 3134 generis
809 3059 925 3135 jactura
938 3057 1033 3119 dolori

360 3149 519 3223 Omnibus,
536 3161 574 3223 et,
590 3169 667 3227 quae
682 3150 720 3210 sit
733 3161 828 3210 terrae
841 3150 1016 3211 mortalibus
1030 3152 1121 3212 orbae

359 3244 472 3302 Forma
485 3244 589 3318 futura,
603 3253 729 3321 rogant3
742 3242 809 3320 quis
820 3241 858 3304 sit
872 3244 984 3303 laturus
997 3243 1028 3303 in
1042 3262 1107 3304 aras

357 3338 461 3396 Tura?
480 3335 587 3396 ferisne
601 3346 685 3412 paret
698 3336 887 3414 populandas
901 3337 1017 3396 tradere
1031 3340 1144 3398 terras?

356 3428 446 3489 Talia
459 3438 685 3506 quaerentes—
693 3427 750 3488 sibi
764 3428 845 3487 enim
859 3427 923 3490 fore
936 3439 1036 3490 cetera
1049 3445 1186 3491 curue-
1300 3457 1339 3499 ,φ

357 3523 429 3581 Rex
442 3540 581 3599 supemm
596 3519 743 3597 trepidare
756 3531 846 3596 vetat,
861 3523 1057 3599 sobolemque
1070 3522 1160 3601 priori

356 3612 542 3675 Dissimilem
556 3616 671 3693 populo
684 3613 829 3693 promittit
842 3614 957 3692 origine
971 3616 1051 3676 mira

355 3709 487 3786 Jamque
501 3719 564 3769 erat
577 3709 608 3768 in
623 3720 701 3769 totas
715 3727 867 3786 sparsurus
881 3708 1006 3769 fulmina
1018 3719 1128 3784 terras;

356 3802 420 3863 Sed
433 3802 538 3876 timuit,
554 3821 592 3863 ne
606 3802 682 3863 forte
696 3820 779 3862 sacer
792 3812 838 3862 tot
851 3803 891 3861 ub
904 3801 1022 3878 ignibus
1035 3802 1138 3866 aether

358 3895 541 3972 conciperet
554 3895 698 3969 flammas,
713 3896 879 3972 longusque
893 3895 1059 3956 ardesceret
1072 3895 1145 3955 axis.
1299 3923 1337 3964 ης

359 3990 436 4049 Esse
450 4006 570 4066 quoque
582 3987 615 4050 in
627 3987 696 4050 latis
709 3986 913 4064 reminiscitur,
927 3988 1020 4050 affore
1031 3998 1159 4067 tempus,
