3550 4859
383 560 422 635 96
700 574 726 617 r.
748 574 880 617 vmcrurr
902 574 1043 618 uaaours

385 722 426 779 At
440 719 474 793 si,
490 739 582 797 quum
596 720 761 796 reseretque
775 719 855 778 diem
869 720 1039 795 condetque
1053 719 1188 793 relatum,

385 813 517 872 Lucidus
531 806 611 872 orbis
626 812 688 885 erit,
704 813 811 871 frustra
824 812 973 872 terrebere
987 812 1105 886 nimbis,
1188 864 1191 868 .

385 908 424 967 Et
437 907 518 967 claro
532 907 622 966 silvas
635 923 740 965 cemes
755 905 907 982 Aquilone
920 906 1040 966 moveri.
1324 924 1364 971 φο

385 999 533 1076 Denique,
549 998 622 1075 quid
635 1017 742 1076 vesper
756 1017 839 1058 serus
846 999 951 1078 uehat,
966 998 1047 1058 unde
1061 1015 1182 1058 serenas

344 1100 348 1108 '
384 1095 501 1153 Ventus
515 1102 584 1170 agat
598 1093 702 1163 nubes,
718 1091 791 1167 quid
805 1091 916 1169 cogitet
930 1091 1067 1151 humidus
1081 1093 1200 1163 Auster,

384 1188 435 1247 Sol
450 1186 503 1246 tibi
518 1184 601 1263 signa
615 1183 705 1244 dabit.
750 1183 851 1243 Solem
865 1184 932 1260 quis
947 1184 1046 1244 dicere
1059 1185 1166 1244 falsum

382 1275 526 1338 Audeat?
567 1278 624 1336 Ille
639 1277 728 1337 etiam
743 1294 850 1336 caecos
864 1277 973 1336 instare
987 1278 1131 1337 tumultus

386 1375 482 1449 Saepe
497 1381 607 1445 monet,
622 1371 816 1446 fraudemque
830 1380 861 1429 et
873 1380 979 1445 operta
992 1381 1157 1430 tumescere
1171 1369 1260 1430 bella.
1323 1385 1364 1433 ⁴⁶³

371 1466 442 1524 ·Ille
457 1465 547 1524 etiam
561 1464 709 1523 exstincto
724 1464 880 1522 miseratus
896 1464 1025 1523 Caesare
1040 1465 1178 1539 Romam,

385 1559 486 1633 Quum
500 1566 590 1634 caput
604 1557 730 1616 obscura
744 1555 872 1616 nitidum
886 1555 1034 1633 ferrugine
1049 1557 1130 1630 texit,

386 1651 543 1728 Impiaque
557 1660 709 1709 aeternam
725 1649 885 1708 timuerunt
899 1649 1019 1708 saecula
1033 1659 1160 1709 noctem.

385 1746 534 1821 Tempore
550 1760 730 1819 quamquam
745 1741 796 1801 illo
810 1742 898 1801 tellus
912 1760 1033 1818 quoque
1047 1752 1078 1801 et
1091 1761 1221 1819 aequora
1234 1742 1328 1821 ponti,

386 1837 604 1911 Obscenaeque
618 1853 717 1908 canes,
733 1834 979 1911 importunaeque
992 1825 1127 1895 volucres
1326 1862 1366 1900 ψ

387 1929 478 2007 Signa
491 1929 611 1988 dabant.
654 1927 781 2003 Quoties
797 1930 962 2007 Cyclopum
977 1930 1117 1990 effervere
1131 1932 1162 1989 in
1177 1951 1264 2011 agros

385 2022 524 2081 Vidimus
538 2022 702 2082 undantem
716 2020 811 2098 ruptis
825 2022 994 2082 fornacibus
1008 2025 1147 2098 Aetnam,

386 2116 645 2190 Flammarumque
658 2115 765 2191 globos
780 2113 998 2192 liquefactaque
1011 2117 1131 2176 volvere
1146 2136 1216 2177 saxa
1228 2120 1234 2178 l

386 2210 546 2267 Armorum
561 2206 692 2267 sonitum
705 2216 769 2266 toto
784 2207 946 2268 Germania
959 2209 1046 2268 coelo

388 2299 491 2360 Audiit
503 2322 513 2374 ;
533 2299 661 2361 insolitis
675 2308 857 2360 tremuerunt
871 2300 1003 2360 motibus
1018 2301 1121 2379 Alpes
1327 2327 1367 2367 aas

386 2396 455 2453 Vox
469 2411 589 2471 quoque
602 2411 657 2470 per
671 2394 756 2452 lucos
769 2394 859 2471 vulgo
873 2394 1013 2454 exaudita
1026 2395 1158 2469 silentes,

387 2489 510 2565 Ingens,
525 2496 556 2545 et
570 2486 728 2546 simulacra
741 2485 839 2546 modis
853 2486 998 2563 pallentia
1011 2486 1093 2548 miris

386 2581 462 2641 Visa
475 2580 531 2640 sub
545 2580 704 2639 obscurum
718 2579 834 2654 noctis3
854 2580 1046 2657 pecudesque
1061 2582 1186 2655 locutae,

335 2725 340 2743 ,
387 2673 548 2733 Infandum
560 2676 566 2732 l
589 2671 698 2732 sistunt
711 2690 824 2746 amnes,
840 2683 995 2749 terraeque
1009 2674 1177 2748 dehiscunt,

387 2768 426 2826 Et
439 2777 586 2826 maestum
601 2765 755 2825 illacrimat
769 2765 889 2842 templis
904 2766 986 2840 ebur,
1002 2785 1130 2843 aeraque
1144 2768 1261 2829 sudant
1294 2782 1297 2788 '
1327 2785 1369 2834 480

387 2858 500 2919 Proluit
514 2860 621 2919 insano
635 2867 838 2934 contorquens
851 2859 963 2918 vertice
977 2859 1066 2919 silvas
1252 2857 1255 2861 ’

388 2952 558 3011 Fluviorum
573 2970 625 3011 rex
642 2950 797 3024 Eridanus,
813 2970 996 3029 camposque
1010 2971 1064 3029 per
1077 2971 1183 3013 omnes

387 3046 465 3104 Cum
481 3044 605 3104 stabulis
620 3053 755 3103 armenta
768 3043 841 3103 tulit.
885 3046 916 3103 N
917 3062 952 3103 ec
966 3055 1100 3122 tempore
1115 3047 1223 3107 eodem

387 3138 536 3197 Tristibus
550 3146 601 3196 aut
615 3136 690 3196 extis
704 3137 797 3197 fibrae
811 3154 954 3213 apparere
968 3137 1109 3213 minaces,

388 3232 451 3289 Aut
464 3230 562 3307 puteis
575 3248 695 3289 manare
709 3249 795 3289 cruor
808 3230 945 3303 cessavit,
961 3239 992 3290 et
1004 3232 1082 3291 altae

389 3325 447 3382 Per
461 3333 580 3383 noctem
594 3342 733 3384 resonare
748 3324 827 3400 lupis
841 3323 1022 3384 ululantibus
1035 3325 1132 3386 urbes.

389 3417 461 3476 Non
475 3417 549 3475 alias
563 3417 650 3476 coelo
663 3415 835 3477 ceciderunt
849 3417 935 3493 plura
950 3435 1057 3477 sereno

389 3511 518 3588 Fulgura
532 3528 588 3569 nec
602 3510 658 3568 diri
672 3508 760 3569 toties
774 3527 872 3568 arsere
886 3521 1029 3569 cometae.

390 3604 470 3680 Ergo
485 3603 562 3662 inter
575 3621 641 3663 sese
655 3602 777 3679 paribus
791 3621 968 3661 concurrere
983 3602 1050 3662 telis

391 3698 545 3755 Romanas
559 3694 638 3754 acies
652 3695 758 3755 iterum
772 3694 874 3754 videre
889 3695 1020 3772 Philippi
1031 3717 1040 3769 3
1334 3727 1374 3763 φ

391 3791 458 3848 Nec
472 3789 526 3848 fuit
540 3787 695 3865 indignum
710 3786 834 3864 superis,
850 3786 898 3847 bis
913 3788 1055 3867 sanguine
1070 3797 1175 3849 nostro

393 3880 559 3941 Emathiam
574 3889 605 3940 et
619 3881 696 3939 latos
711 3880 823 3940 Haemi
836 3880 1033 3959 pinguescere
1048 3899 1178 3958 campos
1290 3925 1293 3929 -

393 3973 513 4035 Scilicet
527 3982 558 4033 et
572 3983 690 4051 tempus
703 3972 813 4047 veniet,
829 3991 923 4050 quum
936 3974 1046 4034 finibus
1059 3973 1119 4033 illis
1277 3967 1281 3972 ’
