3550 4859
401 561 455 620 162
713 574 739 617 r.
757 571 892 617 vraornu
912 572 1056 616 naonis

398 718 552 780 Anchisen
566 718 644 780 facio
657 728 779 792 eertum,
793 735 915 794 remque
929 715 1034 778 ordine
1048 715 1158 794 pando.

398 812 529 890 Agnovit
543 812 658 889 prolem
672 811 840 888 ambiguam
852 810 1049 889 geminosque
1061 820 1210 887 parentes,
1337 825 1376 872 ιιι

397 908 494 983 Seque
509 924 588 965 novo
602 914 733 964 veterum
747 903 907 981 deceptum
921 921 1017 963 errore
1032 904 1174 963 locorum.

396 1001 475 1058 Tum
489 1008 650 1058 memorat:
672 1000 759 1070 Nate,
775 996 875 1056 Iliacis
889 996 1016 1056 exercite
1031 996 1106 1071 latis,

398 1092 471 1153 Sola
483 1091 556 1150 mihi
570 1091 643 1151 tales
657 1109 743 1150 casus
758 1090 930 1150 Cassandra
942 1090 1077 1149 canebat

397 1188 427 1245 N
429 1204 487 1245 unc
501 1194 605 1262 repeto
618 1183 693 1243 haec
706 1181 806 1260 generi
820 1183 998 1259 portendere
1012 1182 1115 1243 debita
1127 1192 1240 1257 nostro,

397 1281 437 1337 Et
451 1297 540 1355 saepe
556 1276 743 1353 Hesperiam,
759 1295 849 1352 saepe
864 1277 942 1336 Itala
955 1295 1047 1354 regna
1059 1296 1176 1337 vocare.
1259 1319 1262 1324 ·
1338 1291 1376 1342 ιι,

397 1371 457 1432 Sed
471 1370 537 1448 quis
552 1371 589 1429 ad
606 1369 770 1446 Hesperiae
784 1378 924 1429 venturos
939 1368 1025 1429 litora
1038 1370 1174 1429 Teucros

398 1464 560 1524 Crederet?
580 1473 631 1522 aut
646 1481 734 1538 quern
747 1472 811 1522 tum
824 1473 908 1522 vates
923 1462 1092 1523 Cassandra
1105 1462 1258 1522 moveret?
1331 1503 1334 1508 -

398 1557 548 1618 Cedamus
563 1557 695 1629 Phoebo,
712 1565 741 1615 et
755 1555 861 1616 moniti
875 1555 999 1616 meliora
1012 1573 1178 1633 sequamur.

398 1648 448 1709 Sic
462 1649 523 1724 ait,
544 1659 574 1708 et
587 1647 687 1708 cuncti
701 1647 782 1708 dicto
797 1667 935 1726 paremus
950 1660 1080 1709 ovantes

398 1745 488 1802 Hanc
503 1761 622 1819 quoque
636 1740 798 1801 deserimus
813 1743 923 1816 sedem,
939 1741 1102 1819 paucisque
1113 1731 1223 1802 relictis
1339 1769 1380 1808 ιφ

396 1836 474 1896 Vela
487 1836 599 1909 damus,
615 1846 789 1912 vastumque
803 1853 877 1895 cava
890 1835 974 1896 trabe
988 1834 1130 1895 currimns
1143 1853 1263 1912 aequor.

438 1930 600 2005 Postquam
615 1930 706 1989 altum
721 1939 843 1989 tenuere
856 1939 943 2003 rates,
958 1948 1015 1989 nec
1026 1930 1089 2006 jam
1103 1928 1231 2006 amplius
1244 1928 1326 1990 ullae

281 2027 284 2036 '
396 2024 551 2099 Apparent
565 2032 668 2097 terrae,
684 2024 800 2083 coelum
814 2022 946 2100 undique
961 2034 990 2083 et
1003 2022 1136 2099 undique
1150 2033 1269 2100 pontin,

397 2116 475 2174 Turn
490 2114 562 2173 mihi
576 2117 728 2176 caeruleus
743 2136 830 2194 supra
843 2127 932 2194 caput
946 2115 1059 2177 adstitit
1073 2116 1176 2189 imber,
1267 2194 1268 2197 Ἴ

398 2211 528 2269 Noctem
541 2208 729 2287 hiememque
744 2209 848 2284 serens,
864 2221 894 2271 et
907 2209 1052 2270 inhorruit
1064 2210 1146 2270 unda
1159 2208 1300 2274 tenebris.
1341 2239 1378 2278 ιω

398 2301 552 2363 Continuo
565 2303 647 2363 venti
661 2305 783 2376 volvunt
797 2323 878 2363 mare
893 2323 1060 2381 magnaque
1074 2315 1198 2381 surgunt

398 2400 541 2473 Aequora
549 2420 558 2472 3
579 2398 701 2475 dispersi
713 2398 859 2477 jactamur
871 2397 984 2475 gurgite
998 2408 1103 2472 vasto,

398 2491 556 2550 Involvere
571 2490 651 2551 diem
665 2490 767 2565 nimbi,
783 2501 812 2550 et
826 2510 887 2550 nox
901 2489 1024 2550 humida
1037 2491 1156 2550 coelum

398 2583 531 2643 Abstulit
541 2606 551 2659 ;
571 2583 754 2662 ingeminant
767 2584 901 2662 abruptis
915 2584 1044 2644 nubibus
1057 2583 1150 2661 ignea

398 2675 679 2750 Excutimurctusu,
694 2688 724 2737 et
738 2678 834 2737 caecis
848 2696 977 2738 erramus
991 2677 1023 2736 in
1037 2676 1133 2737 undis.
1338 2705 1381 2734 ιω

399 2772 472 2847 Ipse
487 2770 567 2829 diem
581 2781 760 2845 noctemque
774 2781 862 2847 negat
876 2770 1043 2831 discernere
1057 2772 1153 2844 coelo,

399 2866 466 2923 Nec
480 2862 649 2923 meminisse
663 2862 728 2922 viae
742 2863 842 2923 media
856 2863 1012 2924 Palinurus
1026 2864 1057 2924 in
1070 2864 1160 2925 unda.

397 2958 473 3015 Tres
488 2957 564 3016 adeo
579 2956 707 3016 incertos
721 2976 811 3016 caeca
824 2956 951 3035 ealigine
965 2960 1044 3019 soles

399 3052 537 3110 Erramus
551 3051 667 3127 pelago,
682 3050 807 3110 totidem
822 3051 885 3111 sine
901 3052 997 3113 sidere
1010 3062 1124 3114 noctes.

399 3143 515 3217 Quarto
529 3154 606 3203 terra
620 3143 669 3203 die
681 3143 808 3222 primum
822 3158 855 3204 se
869 3145 1005 3206 attollere
1019 3144 1141 3206 tandem
1339 3173 1379 3213 ns

398 3235 480 3310 Visa,
496 3236 608 3313 aperire
622 3237 725 3314 procul
739 3247 865 3310 montes,
881 3256 917 3297 ac
931 3239 1048 3298 volvere
1062 3239 1183 3297 furnum.

398 3330 476 3388 Vela
489 3330 608 3403 cadunt,
623 3328 712 3389 remis
726 3328 922 3407 insurgimus,
941 3331 1020 3390 haud
1035 3349 1125 3404 mora,
1140 3339 1250 3392 nautae

399 3422 511 3482 Adnixi
526 3433 664 3499 torquent
678 3442 797 3500 spumas
811 3432 842 3484 et
854 3424 972 3483 caemla
985 3434 1110 3484 verrunt

441 3516 594 3575 Servatum
609 3535 646 3575 ex
659 3516 746 3576 undis
760 3517 960 3593 Strophadum
973 3536 1022 3577 me
1036 3516 1123 3577 litora
1134 3515 1265 3594 primurn

400 3608 581 3686 Accipiunt;
603 3609 784 3686 Strophades
799 3609 891 3670 Graio
906 3620 984 3669 stant
998 3609 1120 3671 nomine
1133 3609 1241 3684 dictae,
1342 3637 1382 3668 m

400 3702 522 3762 Insulae
538 3701 626 3762 Ionio
640 3701 671 3760 in
685 3721 802 3779 magau,
818 3722 893 3779 quas
908 3702 972 3762 dira
985 3704 1119 3763 Celaeno

400 3794 612 3875 Harpyiaeque
627 3797 730 3855 colunt
743 3795 827 3870 aliae,
844 3796 969 3857 Phineia
982 3806 1142 3874 postquam

400 3891 511 3950 Clausa
524 3890 639 3963 domus,
655 3907 831 3966 mensasque
844 3900 927 3950 metu
940 3889 1053 3967 liquere
1066 3890 1188 3968 priores.

399 3982 526 4044 Tristius
539 3982 619 4043 haud
633 3980 691 4043 illis
704 3993 876 4059 monstmm,
887 4001 949 4044 uec
961 3981 1078 4044 saevior
1091 3983 1153 4045 ulla
