3550 4859
671 568 880 616 mamm.
901 568 962 616 lull·
983 567 1024 616 Vl·

361 718 464 778 Altera
476 733 532 794 per
547 714 684 795 jugulum
697 714 807 792 pennis
821 724 910 777 tenus
922 724 991 776 acta
1002 711 1112 793 sagitta
1124 722 1178 776 est

363 810 485 889 Expulit
497 810 575 870 hanc
589 808 718 887 sanguis,
734 828 827 885 seque
841 808 1004 887 ejaculatis
1018 807 1050 868 iu
1063 808 1158 870 altum

363 903 480 964 Emicat
493 912 524 962 et
537 902 627 980 longe
640 901 789 962 terebrata
801 902 919 979 prosilit
931 920 1011 962 nura
1302 918 1345 964 aa

362 997 497 1058 Ultimus
511 995 645 1056 Ilioneus
658 1014 720 1054 non
733 994 901 1072 profectura
914 994 1067 1071 precando

363 1088 489 1150 Brachia
503 1088 670 1161 sustulerat,
686 1087 787 1164 Dique
800 1106 820 1148 o
833 1088 1032 1147 communiter
1045 1104 1161 1161 omum,

363 1183 496 1256 Dixerat,
510 1183 630 1259 ignauus
643 1199 706 1240 non
720 1198 826 1240 omnes
840 1199 908 1241 esse
921 1180 1081 1259 rogandos,

363 1276 498 1336 Parcite!
521 1276 624 1335 Motus
637 1281 710 1346 erat,
725 1292 817 1349 quum
833 1274 897 1353 jam
911 1273 1079 1334 revocabile
1092 1272 1186 1334 telum

363 1370 436 1429 Non
450 1368 514 1442 finit,
528 1366 706 1428 Arcitenens
716 1388 727 1441 5
745 1365 869 1427 minimo
882 1377 983 1427 tamen
996 1367 1108 1428 occidit
1120 1367 1172 1428 ille

362 1463 505 1535 Vulnere,
520 1480 582 1521 non
597 1460 656 1520 alte
669 1478 813 1537 percusso
825 1460 918 1520 corde
931 1459 1047 1539 sagitta.

364 1558 459 1615 Fama
472 1553 543 1613 mali
556 1553 720 1631 populique
734 1553 822 1612 dolor
834 1553 1034 1630 lacrimaeque
1049 1572 1171 1614 suorum

269 1652 274 1662 '
363 1650 442 1708 Tam
456 1646 572 1707 subitae
585 1656 711 1706 matrem
723 1656 836 1706 certam
849 1646 948 1707 fecere
961 1647 1075 1720 ruinae,

365 1741 530 1800 Mirantem
543 1739 685 1817 potuisse,
700 1738 938 1816 irascentemque
952 1740 1034 1816 quod
1048 1740 1112 1802 ausi

365 1836 438 1894 Hoc
452 1842 555 1893 essent
567 1832 677 1909 superi,
692 1832 775 1908 quod
788 1842 904 1894 tantum
922 1833 996 1913 juris
1010 1834 1164 1895 baberent

365 1928 447 1987 Nam
460 1935 546 2003 pater
559 1925 713 2002 Amphion
725 1925 805 1985 ferro
817 1945 872 2003 per
884 1938 990 2003 pectus
1004 1927 1112 1988 adacto

365 2020 498 2080 Finierat
512 2018 642 2079 moriens
655 2018 765 2095 pariter
778 2038 846 2079 cum
860 2021 929 2080 luce
937 2020 1085 2081 dolorem

338 2143 342 2150 ·
365 2115 448 2187 Heu,
464 2121 608 2189 quanmm
621 2112 696 2171 haec
711 2112 811 2172 Niobe
825 2113 926 2173 Niobe
938 2114 1071 2174 distabat
1083 2112 1124 2173 ab
1135 2112 1196 2185 illa,

365 2206 453 2281 Quae
467 2206 559 2265 modo
573 2204 675 2265 Latois
684 2206 829 2282 populum
842 2206 1033 2267 submoverat
1046 2207 1105 2267 aris

365 2301 407 2360 Et
419 2298 672 2358 mediamtulerat
684 2317 804 2376 gressis
817 2299 959 2376 resupina
971 2318 1026 2377 per
1038 2300 1152 2372 urbem,

366 2392 523 2452 Invidiosa
535 2391 614 2451 suis!
655 2393 698 2452 At
710 2410 791 2451 nuuc
805 2392 976 2453 miseraffla
989 2392 1036 2452 vel
1050 2391 1132 2452 busti

367 2483 552 2563 Corporibus
565 2484 675 2563 gelidis
688 2483 841 2559 incumbit,
857 2495 888 2546 et
902 2486 1008 2546 ordine
1023 2485 1106 2546 nullo

366 2578 482 2639 Oscula
495 2578 651 2655 dispensat
664 2588 751 2639 natos
764 2598 904 2655 suprema
917 2599 971 2657 per
983 2598 1097 2641 omnes.

367 2674 398 2731 A
411 2670 520 2749 quibus
534 2671 573 2731 ad
587 2671 704 2730 coelum
719 2672 841 2732 liventia
854 2673 976 2734 brachia
990 2674 1126 2745 tendens,

367 2766 505 2836 Pascere,
520 2762 657 2837 crudelis,
673 2774 784 2838 nostro,
801 2766 926 2839 Latona,
942 2766 1055 2839 dolore,

368 2854 519 2937 [Pascere,
534 2857 584 2930 ait,
599 2856 733 2934 satiaque
747 2875 817 2917 meo
830 2867 882 2918 tua
895 2867 1019 2935 pectora
1033 2854 1137 2937 luctu,]

368 2952 489 3027 Corque
503 2949 598 3009 ferum
612 2949 704 3009 satia!
726 2950 818 3010 dixit:
839 2951 897 3010 Per
910 2952 1014 3010 funera
1028 2961 1143 3027 septem

368 3043 503 3102 Efferort
529 3043 652 3116 exsulta,
666 3043 831 3120 victrixque
845 3043 966 3104 inimica
979 3044 1145 3120 triumphal

367 3136 432 3195 Cur
445 3145 544 3195 autem
558 3135 682 3196 victrix?
723 3136 853 3197 Miserae
866 3136 941 3195 mihi
954 3137 1039 3213 plura
1051 3142 1220 3213 supersunt,

367 3229 469 3303 Quam
483 3228 537 3288 tibi
551 3228 649 3288 felici:
669 3238 740 3305 post
751 3239 798 3289 tot
810 3247 931 3305 quoque
945 3230 1048 3289 funera
1061 3229 1158 3289 vinco.

367 3321 515 3395 Dixerat3
533 3330 565 3381 et
577 3320 678 3382 sonuit
691 3331 834 3384 contento
848 3340 957 3381 nervus
970 3322 1009 3382 ab
1022 3341 1100 3395 arcu,

368 3414 431 3490 Qui
444 3424 563 3491 praeter
577 3414 700 3475 Nioben
713 3433 804 3474 unam
818 3415 979 3475 conterruit
992 3432 1117 3488 omnes;

366 3508 428 3566 Illa
440 3507 521 3566 malo
535 3516 581 3567 est
594 3508 698 3567 audax
742 3508 869 3567 Stabant
881 3526 951 3567 curn
963 3507 1097 3567 vestibus
1108 3505 1182 3568 auh

365 3605 449 3662 Ante
463 3612 546 3662 toros
559 3602 681 3665 fratrum
694 3602 825 3663 demisso
838 3602 920 3662 crine
934 3620 1060 3662 sorores

367 3698 398 3755 E
410 3696 521 3773 quibus
534 3709 604 3770 ma,
619 3696 742 3756 trahens
754 3696 909 3756 haerentia
921 3695 1036 3755 viscere
1048 3692 1119 3768 tela,

367 3788 521 3867 Imposito
535 3787 808 3851 tantmodbunda
820 3787 968 3866 relanguit
980 3806 1042 3847 ore.

365 3882 484 3956 Altera,
500 3881 588 3942 solari
601 3880 741 3942 miseram
753 3890 863 3941 conata
874 3889 1040 3958 parentem,

367 3974 526 4038 Conticuit
539 3973 649 4050 subito,
663 3972 873 4052 duplicataque
886 3973 1010 4034 vulume
1022 3989 1114 4035 caeso
1127 3980 1183 4047 eut,
