3550 4859
451 540 497 598 ru·
782 536 809 582 r.
830 534 937 582 ormu·
952 533 1088 580 ursona

449 680 655 761 Imposuitque
669 700 774 744 comae
787 681 896 756 nodulos,
909 696 1112 759 premagaque
1124 676 1228 740 luobus

449 780 574 838 Pectore
588 773 719 836 sollicito
729 784 869 853 repetens
882 772 1111 851 suspiriadiuit:
1386 793 1429 836 υς·

449 870 580 948 Sipotes
593 868 641 929 his
655 869 760 929 saltem
773 867 897 929 monitis
909 884 1014 943 parere
1027 863 1167 942 parentis,

450 966 550 1037 Parce,
566 981 647 1040 puer,
663 960 797 1035 stinub‘u
812 970 843 1021 et
855 960 959 1020 smum
972 968 1054 1020 utere
1067 957 1159 1019 lonis:
1392 1039 1394 1042 Ι

451 1058 565 1134 Sponte
579 1073 634 1115 sue
646 1063 826 1132 properant3¹
845 1055 930 1114 labor
941 1061 990 1113 eet
1002 1051 1138 1114 inhibere
1146 1052 1315 1114 volentesw

450 1152 517 1210 Nec
531 1148 585 1209 tibi
600 1147 728 1226 directos
741 1148 860 1225 placeat
872 1144 922 1206 vie
935 1145 1067 1223 quinque
1081 1166 1135 1223 per
1147 1165 1240 1208 mre

450 1245 554 1305 Sectus
568 1240 600 1300 in
615 1240 903 1317 obliquumestlato
917 1240 1197 1314 curuaminelimee,
1370 1238 1425 1306 ἰφ

450 1338 656 1410 Zonanmqoe
670 1334 760 1394 trium
771 1342 931 1394 contentus
944 1334 1006 1394 frue
1021 1334 1184 1411 polumque

452 1427 562 1505 Effugit
576 1428 734 1487 australem
745 1428 941 1504 junctamque
954 1426 1144 1503 aquilonibus
1156 1428 1279 1488 Arcton.

452 1524 522 1610 ldae
536 1520 660 1605 sit-iter;
678 1519 837 1580 manifesta
850 1529 934 1581 rotae
946 1518 1071 1597 vestigia
1084 1537 1194 1580 cernes

451 1617 555 1691 thue
568 1605 664 1674 serant
676 1632 793 1690 aequos
804 1624 835 1674 et
848 1614 967 1673 coelum
980 1623 1102 1674 et-terra
1113 1613 1237 1687 mlores,

452 1706 1336 1785 Necpremenecsummmnmolirepemtlreracurrutn:
1389 1732 1427 1772 ns

451 1801 549 1862 Altius
564 1818 699 1876 egressus
713 1799 1116 1873 coelestiateetacremabis,
1331 1835 1334 1840 -

452 1893 579 1956 Inferius
593 1903 704 1968 terrae;
722 1893 824 1954 medio
837 1892 1002 1954 tutissimus
1015 1892 1079 1953 ibis

453 1990 521 2048 Neu
536 1997 566 2047 te
580 1986 730 2047 dexterior
742 1997 854 2047 tortum
867 1986 999 2048 declinet
1011 1986 1051 2046 ad
1065 1988 1211 2063 Anguem,

452 2084 539 2143 Neve
553 2078 716 2140 sinisterior
728 2097 860 2158 premam
873 2091 940 2140 rota
951 2081 1043 2141 ducat
1055 2078 1095 2139 ad
1108 2081 1220 2140 Arum:

453 2177 706 2250 Interutrumqne
721 2184 798 2234 tene.
840 2176 991 2234 Fortunae
1004 2172 1237 2247 ceteramando,
1392 2200 1430 2238 w
1511 2191 1518 2201 ·

453 2269 540 2343 Quae
552 2269 635 2344 juvet
649 2277 681 2329 et
693 2266 799 2327 melius
813 2286 904 2344 quam
917 2277 951 2327 tu
961 2265 1019 2327 tibi
1032 2266 1178 2340 considat,
1192 2275 1276 2343 opto.

454 2364 536 2422 Dum
551 2363 665 2438 loquor,
684 2360 833 2437 Hesperio
847 2360 965 2438 positas
976 2359 1110 2420 inlito're
1121 2370 1218 2420 metas

454 2453 590 2516 Humida
603 2473 663 2514 nox
677 2454 779 2540 tetigit.
823 2457 895 2514 Non
908 2464 954 2515 est
967 2472 1052 2514 mora
1064 2452 1158 2514 libero
1170 2450 1258 2514 uobis
1268 2472 1279 2527 3

454 2548 616 2621 Poscimur‚
631 2556 662 2608 et
675 2548 768 2624 fulget
781 2546 913 2609 tenebris
927 2548 1044 2608 Aurum
1056 2543 1171 2622 mgatis

454 2642 578 2719 Corripe
591 2641 656 2701 lora
667 2659 767 2715 mauu,
781 2642 838 2715 vel,
854 2640 881 2700 si
894 2639 1037 2701 mutabile
1049 2649 1162 2716 pectus·
1393 2665 1430 2705 us

455 2738 509 2796 Est
522 2733 585 2809 tibi,
600 2732 739 2808 consiliis,
755 2751 818 2794 non
831 2733 966 2794 cunibus
979 2743 1062 2793 utere
1075 2731 1193 2807 nostris,
1215 2763 1217 2768 ·

454 2831 536 2889 Dum
550 2837 637 2905 potes
650 2836 682 2887 et
695 2826 902 2887 solidis-etiam
916 2843 997 2887 nunc
1011 2824 1135 2886 sedibus
1148 2826 1259 2900 adens,

454 2924 596 2998 Dumque
610 2921 687 2979 male
702 2930 821 2997 optatos
834 2919 971 2980 nondum
983 2918 1096 2998 premis
1107 2918 1311 2980 inscius-artes.

454 3017 541 3092 Quae
555 3024 635 3073 tutus
649 3023 777 3091 spectes,
791 3012 857 3074 sine
869 3032 919 3074 me
933 3013 1005 3073 dare
1019 3011 1131 3072 uuna
1145 3011 1237 3072 terris.

454 3110 592 3185 Occupat
605 3106 655 3167 ille
669 3108 766 3167 levem
777 3105 902 3184 juvenili
913 3124 1041 3183 corpore
1054 3124 1181 3179 cunum,
1393 3133 1431 3172 ψ

454 3202 577 3277 Statque
592 3219 680 3277 super
693 3199 891 3276 manibusque
905 3199 991 3260 datas
1003 3199 1176 3276 contingere
1190 3197 1335 3260 habenas

455 3294 583 3366 Gaudet,
598 3304 628 3353 et
642 3291 735 3353 invito
748 3304 846 3369 grates
859 3292 921 3370 agit
933 3291 1005 3354 inde
1018 3291 1142 3369 parenti.

455 3387 730 3465 Intereavolucres,
746 3385 877 3463 Pyroeis,
893 3388 984 3460 Eous,
999 3396 1030 3445 et
1042 3385 1174 3460 Aethon,

455 3480 532 3542 Solis
547 3478 624 3556 equi,
641 3489 820 3555 quartusque
835 3480 980 3556 Phlegon,
994 3478 1158 3540 hinnitibus
1171 3498 1260 3540 auras

456 3571 651 3650 Flammifqus
664 3571 789 3649 implent
802 3571 991 3649 pedibusque
1004 3573 1146 3649 repagula
1158 3574 1286 3649 pulsant
1394 3599 1430 3640 ¹⁵5

455 3667 542 3742 Quae
555 3676 716 3743 postquam
730 3665 854 3743 Tethys,
868 3666 997 3725 latorum
1011 3664 1112 3742 ignara
1125 3665 1252 3743 nepotis,

455 3758 588 3837 Repulit,
604 3768 634 3819 et
646 3759 726 3819 facta
738 3767 785 3819 eet
798 3757 937 3818 immensi
948 3758 1039 3836 eopia
1052 3758 1165 3833 mundi,

456 3851 632 3930 Corripuere
646 3851 733 3926 viarm
748 3851 936 3929 pedibusque
948 3871 1003 3930 per
1015 3855 1085 3912 aera
1099 3851 1190 3913 motis

456 3946 621 4008 Obstantes
635 3944 777 4007 scindunt
790 3946 924 4021 nebulat,
937 3945 1108 4024 penusque
1120 3944 1212 4008 levati
