3550 4859
699 564 859 608 mutuos
879 564 940 609 mn.
961 564 1003 609 Vl.

365 713 442 771 Tum
456 710 576 771 demum
591 707 748 771 horrisono
762 710 924 771 stridentes
936 708 1058 770 cardine
1071 727 1175 771 sacrae

363 805 539 865 Panduntur
552 812 664 879 portae.
709 803 824 876 Cernis,
839 802 976 863 custodia
989 802 1084 880 qualis

361 897 521 958 Vestibulo
535 896 659 956 sedeat?
679 895 769 955 facies
783 915 859 972 quae
874 896 978 955 limina
990 897 1109 956 servet?

363 989 591 1068 Quinquaginta
603 988 675 1047 atris
690 987 827 1047 immanis
840 988 971 1048 hiatibus
986 988 1094 1067 Hydra

364 1083 487 1143 Saevior
501 1083 580 1141 intus
595 1082 686 1141 habet
700 1082 812 1141 sedem.
855 1083 934 1140 Tum
949 1083 1090 1141 Tartarus
1104 1080 1169 1158 ipse

363 1176 415 1235 Bis
429 1186 512 1253 patet
526 1175 557 1234 in
571 1193 717 1252 praeceps
728 1184 844 1234 tantum
858 1174 1013 1251 tenditque
1027 1175 1084 1234 sub
1098 1176 1227 1249 umbras,

364 1271 503 1345 Quantus
517 1270 555 1329 ad
570 1270 735 1328 aetherium
748 1268 825 1328 coeli
839 1279 997 1345 suspectus
1011 1269 1179 1347 Olympum.

364 1363 426 1422 Hic
440 1382 535 1440 genus
553 1363 707 1438 antiquum
722 1363 842 1434 Terrae,
858 1362 978 1420 Titania
991 1362 1096 1437 pubes,

364 1455 501 1515 Fulmine
516 1454 625 1534 dejecti
639 1456 732 1514 fundo
747 1455 906 1514 volvuntur
920 1453 951 1510 in
965 1453 1031 1513 imo.

363 1546 426 1606 Hic
440 1557 471 1606 et
485 1548 609 1607 Aloidas
622 1549 758 1626 geminos
772 1545 915 1606 immania
928 1545 1001 1606 vidi.

362 1639 505 1715 Corpora,
521 1638 573 1714 qui
586 1639 724 1698 manibus
739 1657 880 1717 magnum
895 1636 1063 1697 rescindere
1077 1636 1196 1697 coelum

360 1731 513 1811 Aggressi,
529 1732 702 1808 superisque
717 1734 825 1808 Juvem
839 1730 998 1790 detrudere
1013 1730 1120 1808 regnis.

361 1824 433 1883 Vidi
447 1835 477 1885 et
491 1825 627 1884 crudeles
641 1825 763 1883 dantem
779 1825 940 1883 Salmonea
954 1842 1076 1899 poenas,

361 1918 443 1975 Dum
457 1918 591 1976 flammas
605 1917 689 1993 Jovis
702 1927 734 1976 et
747 1917 863 1977 sonitus
878 1916 1009 1976 imitatur
1024 1916 1153 1995 Olympi.

362 2010 498 2085 Quatuor
511 2010 561 2069 hic
575 2011 709 2070 invectus
724 2012 810 2087 equis
824 2021 855 2071 et
869 2010 1009 2086 lampada
1023 2028 1168 2085 quassans

363 2105 420 2161 Per
433 2103 556 2163 Graium
571 2104 699 2179 populos
714 2104 891 2180 mediaeque
905 2122 958 2180 per
974 2102 1069 2161 Elidis
1083 2103 1188 2162 urbem

362 2196 431 2256 Ibat
444 2215 547 2270 ovans,
563 2196 722 2272 divumque
737 2196 794 2255 sibi
808 2198 953 2273 poscebat
967 2196 1120 2267 honorem,

361 2291 513 2348 Demens!
536 2289 587 2365 qui
601 2288 719 2348 nimbos
734 2300 764 2348 et
779 2309 840 2348 non
855 2290 999 2349 imitabile
1014 2289 1126 2347 fulmen

362 2385 441 2442 Aere
456 2392 486 2441 et
500 2382 693 2458 cornipedum
708 2383 797 2458 pulsu
811 2383 963 2441 simularet
977 2399 1130 2457 equorum.

361 2477 403 2534 At
415 2486 500 2552 pater
514 2475 705 2551 omnipotens
719 2476 814 2534 densa
825 2474 903 2534 inter
917 2475 1019 2534 nubila
1033 2474 1126 2533 telum

362 2568 522 2641 Contorsit‚
538 2588 599 2627 non
614 2568 664 2627 ille
678 2569 758 2627 laces
773 2587 830 2629 nec
842 2569 943 2628 fumea
956 2568 1052 2627 taedis

361 2662 497 2735 Lumina,
512 2662 766 2739 praecipitemque
780 2662 903 2721 immani
917 2662 1034 2721 turbine
1049 2659 1157 2740 adegit

361 2756 503 2813 Necnon
518 2764 548 2813 et
562 2754 681 2832 Tityon,
697 2757 808 2814 Terrae
822 2753 1037 2831 omniparentis
1052 2756 1213 2828 alumnum,

362 2850 493 2909 Cernere
508 2857 578 2921 erat,
594 2866 647 2925 per
661 2858 724 2908 tota
738 2868 846 2908 novem
860 2848 908 2908 cui
920 2851 1024 2926 jugera
1037 2867 1146 2926 corpus

362 2941 529 3017 Porrigitur‚
545 2952 701 3016 rostroque
716 2942 855 3000 immanis
868 2942 966 3000 vultur
979 2942 1100 3001 obunco

361 3035 523 3095 Inmortale
534 3034 620 3114 jecur
634 3035 763 3094 tondens
778 3035 966 3110 secundaque
980 3036 1087 3111 poenis

359 3128 486 3187 Viscera
498 3126 678 3203 rimaturque
694 3128 790 3203 epulis
805 3128 979 3203 habitatque
994 3129 1051 3187 sub
1066 3129 1127 3188 alto

361 3223 495 3293 Pectore,
511 3239 567 3280 nec
581 3220 664 3289 fibris
678 3220 796 3295 requies
811 3220 897 3279 datur
911 3221 972 3279 ulla
985 3221 1102 3280 renatis

361 3313 444 3387 Quid
458 3332 621 3373 memorem
635 3313 787 3389 Lapithas,
803 3312 911 3371 Ixiona
926 3312 1172 3389 Pirithoumque?

361 3408 448 3480 Quos
462 3425 551 3483 super
565 3416 628 3465 atra
642 3406 718 3465 silex
728 3407 791 3483 jam
802 3407 864 3481 jam
879 3406 1000 3482 lapsura
1013 3407 1194 3485 cadentique

361 3500 504 3559 Imminet
517 3498 662 3559 adsimilis
674 3521 683 3572 3
705 3499 805 3559 lucent
818 3500 987 3577 genialibus
1001 3500 1071 3559 altis

361 3596 463 3652 Aurea
476 3593 569 3651 fulcra
583 3592 663 3665 toris,
680 3593 844 3668 epulaeque
859 3603 930 3651 ante
944 3612 998 3653 ora
1011 3603 1132 3670 paratae

361 3686 497 3764 Regifico
512 3687 581 3745 luxu
594 3708 603 3759 ;
624 3686 777 3744 Furiarum
792 3686 922 3744 maxima
931 3686 1017 3765 juxta

359 3779 505 3852 Accubat,
521 3788 551 3838 et
565 3780 702 3837 manibus
716 3778 856 3854 prohibet
870 3779 1044 3856 contingere
1057 3798 1186 3854 mensas,

362 3872 561 3949 Exsurgitque
575 3872 669 3931 sacem
685 3871 836 3945 attollens,
852 3881 943 3948 atque
957 3871 1075 3932 intonat
1087 3892 1145 3933 ore.

361 3964 425 4024 Hic
439 3964 546 4041 quibus
560 3964 647 4024 invisi
661 3964 775 4039 fratres,
790 3965 862 4025 dum
876 3965 938 4025 vita
951 3964 1099 4037 manebat,
