3550 4859
398 560 417 615 8
733 573 758 618 Ρ.
780 573 881 618 evron
903 573 1039 619 ursours

399 720 438 778 Et
452 718 538 779 coelo
553 728 643 780 terras
657 718 789 780 ostendit
802 730 833 780 et
846 720 968 781 aethera
980 718 1072 780 terris.

398 814 466 871 Nec
480 809 568 871 maris
582 811 748 887 iramanet,
763 813 922 889 positoque
936 811 1097 890 tricuspide
1113 813 1175 873 telo
1336 841 1375 881 ψ

398 906 515 968 Mulcet
529 924 622 981 aquas
636 916 733 968 rector
745 904 852 983 pelagi,
868 924 1016 983 supraque
1029 906 1209 984 profundum

399 1000 572 1059 Exstantem
587 1009 678 1075 atque
691 998 830 1059 humeros
844 998 949 1059 innato
962 998 1073 1060 murice
1087 1008 1200 1060 tectum

399 1094 575 1153 Caeruleum
590 1091 715 1151 Tritona
726 1103 824 1165 vocat,
840 1092 1034 1169 conchaeque
1047 1090 1168 1153 sonanti

398 1184 546 1263 Inspirare
558 1186 645 1262 jubet
657 1184 825 1260 fluctusque
839 1195 870 1245 et
883 1184 1006 1245 flmnina
1019 1183 1106 1263 signo

396 1281 466 1355 Jam
480 1297 619 1340 revocare
633 1278 713 1338 dato.
756 1279 840 1339 Cava
853 1276 981 1338 buccina
994 1278 1120 1338 sumitur
1133 1276 1176 1338 illi
1336 1305 1383 1345 m.-

397 1371 528 1445 Tortilis‚
544 1372 574 1431 in
589 1372 682 1432 latum
696 1389 773 1447 quae
787 1370 905 1431 turbine
918 1369 1025 1430 crescit
1038 1372 1076 1430 ab
1091 1370 1161 1444 imo,

397 1463 538 1539 Buccina,
554 1483 631 1541 quae
644 1463 746 1524 medio
759 1463 900 1541 concepit
913 1462 965 1523 ubi
979 1465 1048 1524 adra
1060 1474 1164 1540 ponto,

398 1556 501 1617 Litora
514 1576 588 1617 voce
602 1558 698 1634 replet
711 1558 767 1617 sub
780 1566 907 1632 utroque
919 1555 1051 1632 jacentia
1065 1556 1197 1617 Phoebo.

397 1652 484 1710 Tunc
499 1669 628 1727 quoque,
644 1660 677 1709 ut
691 1668 744 1709 ora
757 1648 807 1709 dei
819 1647 943 1709 madida
955 1648 1086 1709 rorantia
1097 1650 1191 1710 barba

399 1742 533 1820 Contigit
547 1755 577 1804 et
591 1741 700 1804 cecinit
711 1744 811 1819 jussos
824 1741 927 1802 inflatu
940 1751 1086 1819 receptus,
1336 1771 1375 1809 uo

399 1834 547 1897 Omnibus
561 1835 663 1896 audita
676 1845 724 1895 est
736 1833 847 1896 telluris
861 1844 893 1896 et
906 1834 1044 1911 aequoris
1057 1834 1156 1909 undis,

399 1930 438 1989 Et
452 1928 559 2005 quibus
574 1940 619 1989 est
632 1927 721 1988 undis
735 1927 847 2001 auditu⁷
859 1927 992 1989 coercuit
1005 1946 1117 1988 omnes

396 2022 466 2097 Jarn
479 2039 561 2082 mare
574 2021 644 2082 litus
658 2022 757 2094 habet,
772 2022 879 2099 plenos
892 2020 973 2098 cepit
985 2021 1088 2081 alveus
1101 2038 1213 2095 amnes,

398 2113 537 2174 Flumina
551 2114 707 2175 subsidunt
720 2114 872 2190 collesque
886 2113 967 2174 exire
979 2112 1126 2187 videntur,

398 2206 495 2283 Surgit
508 2208 625 2281 humus,
640 2217 777 2268 crescunt
790 2209 859 2268 loca·
870 2205 1111 2268 decrescentibus
1124 2205 1222 2281 undis,
1337 2235 1374 2275 μς

398 2301 530 2376 Postque
545 2299 626 2360 diem
639 2302 759 2378 longam
774 2300 887 2362 nudata
899 2298 1056 2360 cacumina
1069 2298 1160 2360 silvae

231 2476 235 2485 Ι
291 2454 294 2460 ,
399 2393 572 2455 Ostendunt
584 2392 747 2471 limumque
762 2403 865 2455 tenent
878 2392 910 2452 in
924 2392 1029 2453 fronde
1042 2392 1185 2452 relictum.

439 2485 588 2547 Redditus
602 2486 682 2547 orbis
696 2496 766 2547 erat
809 2488 910 2561 Quem
923 2495 1083 2564 postquam
1096 2484 1171 2546 vidit
1185 2495 1328 2563 apertum,

399 2580 438 2640 Et
451 2579 601 2639 desolatas
616 2598 703 2656 agere
716 2580 778 2640 alta
791 2578 909 2640 silentis
921 2588 1022 2652 terras,

399 2671 567 2732 Deucalion
580 2671 709 2734 lacrimis
723 2671 765 2733 ita
779 2672 922 2749 Pyrrham
936 2672 1041 2732 affatur
1054 2670 1187 2732 obortis:
1337 2698 1376 2737 ³⁵0

399 2766 427 2825 Ο
442 2782 533 2838 soror,
549 2765 577 2825 O
592 2766 712 2841 conjux,
728 2766 756 2826 0
771 2764 884 2826 femina
897 2765 962 2825 sola
975 2775 1132 2841 superstes,
1183 2776 1185 2779 ·

399 2859 498 2933 Quam
512 2875 671 2918 commune
685 2857 758 2917 mihi
771 2877 865 2935 genus
879 2868 911 2918 et
923 2856 1063 2935 patruelis
1080 2856 1171 2934 origo,

399 2949 518 3010 Deinde
532 2960 614 3010 torus
626 2949 731 3027 junxit,
747 2970 828 3011 nunc
840 2950 907 3028 ipsa
920 2950 1051 3028 pericula
1062 2952 1199 3029 jungunt,
1256 2975 1260 2980 ·

398 3045 564 3117 Terrarum,
580 3033 784 3119 quascumque
796 3043 900 3105 vident
914 3062 1039 3104 ocoasus
1052 3053 1083 3103 et
1096 3053 1187 3116 ortus,

373 3138 465 3214 uNbs
480 3136 541 3196 duo
555 3137 774 3198 turbarumus:
794 3136 929 3213 possedit
944 3147 1044 3198 oetera
1056 3146 1175 3214 pontus.
1338 3163 1376 3203 35⁵

400 3230 488 3291 Haec
502 3246 622 3306 quoque
636 3229 734 3290 adhuc
747 3228 827 3290 vitae
840 3248 903 3290 non
917 3239 963 3290 est
976 3228 1087 3290 fiducia
1099 3238 1218 3289 nostrae

400 3322 491 3383 Certa
504 3321 594 3382 satis:
614 3332 725 3384 terrent
738 3322 828 3384 etiam
841 3341 923 3382 nunc
936 3322 1040 3383 nubila
1052 3331 1191 3383 mentem

400 3414 482 3490 Quid
496 3414 558 3487 tibi,
575 3414 600 3474 si
614 3414 677 3476 sine
691 3433 740 3476 me
754 3415 822 3476 fatis
836 3425 939 3493 erepta
952 3415 1066 3490 fuisses,

400 3510 490 3568 Nunc
504 3506 604 3581 animi,
619 3507 796 3582 miseranda,
811 3508 908 3569 foret?
948 3509 1019 3583 Quo
1032 3509 1098 3569 sola
1111 3506 1247 3569 timorem

400 3602 488 3661 Ferre
502 3601 594 3661 modo
608 3619 733 3677 posses3
749 3619 810 3677 quo
823 3601 997 3662 consolante
1011 3601 1150 3662 doleres?
1336 3614 1376 3664 ³⁶0

401 3694 540 3770 Namque
554 3694 755 3770 ego-crede
769 3692 925 3753 mihi-si
938 3704 968 3754 te
982 3712 1102 3770 quoque
1116 3704 1226 3772 pontus
1243 3693 1373 3767 haberet,

400 3788 446 3846 Te
461 3805 607 3865 sequerer,
622 3788 742 3863 conjux,
756 3797 787 3848 et
800 3805 849 3847 me
862 3805 983 3863 quoque
996 3796 1107 3864 pontus
1121 3786 1251 3848 haberet

401 3878 429 3938 Ο
443 3878 557 3939 utinam
570 3898 691 3956 possem
703 3880 832 3956 populos
845 3898 981 3956 reparare
994 3878 1125 3956 paternis

400 3972 531 4046 Artibus,
543 3982 632 4050 atque
648 3971 762 4036 animas
775 3972 920 4035 formatae
932 3971 1088 4036 infundere
1100 3976 1213 4036 terrae!
