3550 4859
679 581 861 626 cnonctcon
882 581 941 624 Lm.
965 580 998 623 11.

348 726 432 783 Arva
445 724 529 785 solo:
550 723 582 784 id
596 727 677 786 venti
691 737 797 786 curant
809 726 984 804 gelidaeque
999 723 1123 802 pruinae

349 819 389 877 Et
403 818 552 878 labefacta
564 837 689 878 movens
702 820 842 879 robustus
861 820 965 898 jugera
979 819 1082 880 fossor.

348 912 400 983 Ar,
416 910 441 970 si
456 930 531 986 quos
545 912 626 970 haud
639 913 701 971 ulla
714 912 791 971 viros
805 911 956 988 vigilantia
969 911 1052 989 sugit,
1293 928 1330 975 ²⁶⁵

348 1006 431 1063 Ante
444 1005 544 1062 locum
559 1004 683 1063 similem
698 1004 863 1081 exquirunt,
876 1004 927 1063 ubi
942 1004 1037 1080 prima
1051 1012 1171 1080 paretur

348 1096 516 1155 Arboribus
531 1115 624 1174 seges,
639 1109 670 1157 et
684 1117 744 1173 qno
758 1117 829 1156 mox
842 1096 958 1174 digesta
972 1096 1090 1169 feratur,

347 1191 499 1247 Mutatam
514 1190 652 1267 ignorent
666 1190 765 1249 subito
780 1208 819 1248 ne
833 1189 950 1248 semina
963 1200 1097 1248 matrem.

347 1282 432 1355 Quin
447 1282 535 1340 etiam
549 1282 627 1341 coeli
642 1282 794 1360 regionem
809 1282 840 1340 in
854 1281 966 1341 cortice
981 1280 1108 1358 signant,

345 1375 402 1447 Ut,
419 1394 478 1450 quo
492 1393 629 1450 quaeque
643 1375 734 1433 modo
749 1375 871 1447 steterit,
887 1394 947 1450 qua
961 1384 1044 1451 parte
1059 1375 1172 1434 calores
1293 1404 1331 1443 270

346 1467 509 1526 Austrinos
523 1468 631 1540 tulerit,
648 1486 725 1542 quae
739 1477 823 1545 terga
837 1467 999 1526 obverterit
1012 1466 1068 1540 axi,

346 1560 539 1618 Restituant:
559 1560 635 1619 adeo
650 1560 681 1617 in
696 1560 807 1619 teneris
821 1578 1018 1618 consuescere
1032 1561 1157 1619 multum
1173 1569 1228 1621 est

346 1653 486 1711 Collibus
500 1672 537 1711 an
553 1653 644 1729 plano
658 1654 765 1712 melius
780 1652 818 1711 sit
832 1671 946 1729 ponere
961 1652 1061 1725 vitem,

345 1746 467 1819 Quaere
481 1746 571 1822 prius.
616 1745 647 1805 Si
661 1744 779 1823 pinguis
793 1765 882 1823 agros
896 1745 1047 1804 metabere
1061 1745 1167 1821 campi,

345 1838 453 1898 Densa
466 1857 533 1898 sere
546 1860 555 1913 3
574 1839 606 1897 in
620 1839 715 1897 denso
729 1857 792 1896 non
807 1838 927 1915 segnior
941 1838 1033 1897 ubere
1048 1838 1182 1898 Bacchus
1194 1861 1204 1914 3
1291 1864 1328 1904 ηε

347 1931 403 1991 Sin
416 1931 538 1990 tumulis
552 1931 664 1991 acclive
679 1932 777 1991 solnm
790 1932 943 2007 collesque
959 1931 1092 2007 supinos,

347 2025 476 2102 Indulge
491 2024 654 2097 ordinibus,
670 2044 727 2083 nec
741 2025 838 2085 secius
852 2025 951 2084 omnis
965 2024 997 2082 in
1011 2043 1141 2102 unguem

346 2116 513 2177 Arboribus
526 2118 631 2194 positis
646 2128 730 2177 secto
744 2118 793 2177 via
805 2117 899 2177 limite
914 2118 1046 2194 quadret

288 2289 292 2296 1
345 2212 392 2270 Ut
405 2230 496 2287 saepe
509 2210 624 2289 ingenti
637 2212 719 2271 bello
733 2231 824 2287 quum
838 2213 929 2290 longa
943 2213 1083 2271 cohortes

346 2304 497 2381 Explicuit
511 2303 599 2383 legio,
615 2315 646 2364 et
659 2324 766 2382 campo
781 2305 863 2365 stetit
876 2324 985 2383 agmen
1000 2315 1112 2381 aperto,
1292 2318 1329 2358 2⁸0

345 2397 547 2473 Directaeque
561 2398 650 2469 acies,
668 2399 777 2457 aelate
791 2398 915 2457 fluctuat
929 2398 1027 2457 omnis

344 2491 425 2548 Aere
439 2489 586 2549 renidenti
601 2491 698 2563 tellus,
715 2491 843 2549 necdum
858 2490 981 2549 horrida
993 2491 1121 2550 miscent

344 2581 470 2655 Proelia,
486 2583 540 2643 sed
553 2582 661 2642 dubius
675 2584 781 2642 mediis
797 2585 881 2643 Mars
896 2594 976 2643 errat
991 2583 1126 2643 inarmis
1139 2604 1149 2658 3

344 2674 456 2735 Omnia
470 2676 530 2735 sint
544 2676 665 2752 paribus
679 2676 809 2736 numeris
824 2676 961 2736 dimensa
974 2676 1107 2750 viarum3

343 2768 416 2825 Non
430 2766 562 2827 animum
576 2768 667 2827 modo
681 2768 723 2827 uti
737 2779 841 2844 pascat
855 2780 1030 2846 prospectus
1044 2769 1174 2841 inanem,
1290 2783 1327 2833 2⁸5

344 2860 407 2919 Sed
423 2861 494 2937 quia
507 2880 568 2921 non
582 2861 668 2921 aliter
681 2861 759 2920 vires
774 2862 857 2921 dabit
871 2862 1011 2922 omnibus
1026 2882 1137 2938 aequas

343 2953 448 3026 Terra,
464 2972 562 3029 neque
576 2952 607 3011 in
621 2973 747 3013 vacuum
760 2964 901 3030 poterunt
915 2974 948 3013 se
963 2956 1125 3014 extendere
1139 2954 1221 3013 rami.

386 3046 524 3105 Forsitan
538 3057 570 3106 et
583 3046 740 3107 scrobibus
754 3066 831 3122 quae
845 3047 905 3107 sint
919 3048 1037 3126 fastigia
1051 3068 1185 3125 quaeras,

342 3139 451 3198 Ausim
465 3141 513 3198 vel
527 3140 611 3199 tenui
624 3139 715 3199 vitem
729 3140 917 3199 committere
932 3142 1025 3201 sulco.

342 3232 442 3290 Altior
456 3250 491 3290 ac
505 3231 624 3309 penitus
639 3242 732 3292 terrae
746 3232 885 3311 defigitur
898 3232 997 3306 arbos,
1288 3260 1328 3299 290

341 3325 492 3383 Aesculus
506 3325 537 3382 in
551 3324 662 3401 primis,
680 3344 765 3400 quae,
781 3335 925 3400 quantum
939 3324 1048 3385 vertice
1062 3326 1101 3385 ad
1115 3345 1203 3387 auras

342 3417 512 3490 Aetherias,
528 3427 643 3476 tantum
656 3416 755 3477 radice
770 3417 801 3475 in
816 3420 942 3477 Tartara
955 3419 1059 3477 tendit
1168 3404 1173 3412 ⁹

343 3511 425 3588 Ergo
440 3528 502 3568 non
517 3510 630 3569 hiemes
644 3508 734 3583 illam,
750 3529 812 3568 non
826 3510 927 3583 flabra,
944 3530 1041 3587 neque
1056 3511 1165 3572 imbres

344 3602 547 3677 Convellunt3
567 3601 680 3662 inmota
693 3612 802 3675 manet,
817 3604 987 3679 multosque
1001 3614 1136 3680 nepotes

343 3696 443 3755 Multa
456 3695 552 3755 virum
566 3696 689 3756 volvens
704 3695 838 3754 durando
852 3697 972 3757 saecula
985 3696 1096 3771 vincit3
1289 3722 1329 3760 ηε

343 3789 423 3846 Turn
436 3788 528 3847 sortes
542 3789 600 3847 late
615 3808 713 3849 ramos
728 3798 758 3849 et
772 3789 893 3848 brachia
906 3789 1035 3849 tendens

345 3882 418 3939 Huc
431 3881 510 3954 illuc,
525 3881 625 3942 media
638 3882 704 3958 ipsa
717 3882 868 3960 ingentem
883 3882 1011 3951 sustinet
1023 3882 1167 3943 umbram.

386 3974 472 4036 Neve
486 3973 542 4035 tibi
555 3974 595 4036 ad
607 3975 703 4036 solem
715 3985 840 4055 vergant
852 3975 953 4037 vineta
966 3976 1126 4038 cadentem
1138 3997 1148 4051 3
