3550 4859
411 541 466 604 116
724 557 750 600 a.
770 557 905 612 vraoruu
926 556 1069 618 neotus

406 699 542 780 Tydide!
563 719 651 762 mene
666 700 767 762 Iliacis
779 702 957 764 occumbere
971 700 1084 779 campis

406 795 478 853 Nou
492 794 625 870 potuisse
639 794 893 872 tuaque-animam
907 794 986 855 hanc
998 793 1149 856 effundere
1163 794 1276 870 dextra,

405 888 517 948 Saevus
530 885 582 946 ubi
597 886 748 948 Aeacidae
762 888 823 948 telo
833 887 916 967 jacet
929 890 1054 961 Hector,
1070 886 1122 948 ubi
1136 886 1241 966 ingens

407 979 571 1058 Sarpedon,
587 979 639 1040 ubi
652 991 698 1042 tot
711 980 820 1042 Simois
833 990 969 1060 correpta
981 981 1037 1042 sub
1052 980 1139 1042 undis

407 1074 498 1134 Scuta
510 1074 603 1134 virum
618 1074 778 1150 galeasque
792 1084 823 1134 et
836 1074 924 1134 sortia
937 1093 1063 1152 corpora
1076 1073 1188 1136 volvit?

445 1161 532 1225 Talia
544 1167 669 1242 jactanti
682 1166 809 1228 stridens
823 1167 975 1244 Aquilone
988 1168 1121 1246 procella

404 1260 514 1319 Velum
529 1261 652 1320 adversa
665 1259 739 1334 serit,
755 1261 920 1338 fluctusque
934 1260 973 1321 ad
988 1260 1085 1320 sidera
1098 1260 1183 1322 tollit

405 1354 593 1429 Frangtmtur
605 1353 678 1412 remi
688 1376 698 1428 3
718 1364 781 1414 tum
794 1372 883 1430 prora
897 1352 1010 1426 avertit,
1025 1364 1055 1413 et
1068 1353 1156 1414 undis

406 1447 467 1506 Dat
481 1448 577 1521 latus;
597 1445 761 1524 insequitur
774 1448 896 1510 cumulo
908 1457 1082 1526 praeruptus
1097 1465 1192 1523 aquae
1206 1464 1302 1508 mons.
1350 1478 1388 1514 105

346 1556 352 1568 ·
405 1539 450 1598 Hi
465 1558 581 1599 summo
595 1539 625 1597 in
640 1539 732 1599 fluctu
745 1540 899 1617 pendeut3
919 1538 966 1599 his
978 1539 1060 1600 unda
1073 1537 1231 1599 dehiscens

404 1632 528 1690 Terram
543 1631 619 1692 iuter
632 1632 740 1692 fluctus
753 1631 867 1710 aperit3
886 1631 956 1692 furit
969 1643 1068 1696 aestus
1081 1630 1186 1698 arenis

404 1725 479 1783 Tres
494 1726 593 1783 Notus
608 1727 746 1802 abreptas
760 1724 791 1784 in
806 1744 878 1786 saxa
891 1724 1014 1786 latentia
1027 1735 1196 1802 torquet-

405 1817 483 1877 Saxa
496 1828 606 1877 vocant
621 1818 691 1878 Itali
705 1817 811 1879 mediis
824 1837 902 1896 quae
916 1816 947 1876 iu
961 1817 1099 1878 fluctibus
1112 1819 1240 1878 Aras·-

404 1911 535 1970 Dorsum
549 1910 678 1971 immane
692 1910 765 1972 mari
779 1929 918 1987 summm
937 1920 998 1971 tres
1012 1912 1107 1970 Eurus
1120 1911 1158 1972 ab
1173 1910 1235 1972 alto
1350 1942 1388 1969 uo

403 2005 442 2062 In
456 2002 559 2063 brevia
572 2013 602 2063 et
617 2005 717 2081 Syrtes
730 2002 1057 2082 urguet-miserabile
1071 2004 1186 2064 visu-—

404 2095 556 2173 Illiditque
571 2098 656 2158 vadis
670 2108 758 2174 atque
772 2116 878 2175 aggere
892 2096 983 2174 cingit
997 2116 1115 2158 arenae.

403 2190 513 2263 Unam,
530 2209 606 2266 quae
617 2190 726 2267 Lycios
739 2190 892 2268 fidumque
904 2190 1032 2254 vehebat
1047 2192 1192 2265 Oronten,

403 2281 502 2359 Ipsius
516 2292 585 2344 aute
599 2285 703 2344 oculos
716 2283 821 2361 ingens
835 2282 975 2344 avertice
989 2294 1099 2362 pontus

402 2378 440 2434 In
455 2377 580 2454 puppim
593 2376 676 2436 serit:
697 2376 841 2438 excutitur
853 2396 1026 2455 pronusque
1040 2377 1181 2455 magister
1346 2391 1385 2446 ἡ,

401 2470 539 2530 Volvitur
552 2470 583 2528 in
597 2482 706 2547 caput3
726 2481 772 2530 ast
785 2470 867 2530 illam
880 2482 925 2532 ter
938 2470 1044 2530 fluctus
1059 2469 1171 2530 ibidem

401 2564 537 2640 Torquet
550 2583 643 2641 agens
655 2565 775 2638 circum,
792 2574 822 2624 et
834 2563 956 2642 rapidus
968 2574 1053 2623 uorat
1066 2583 1199 2642 aequore,
1210 2575 1321 2624 vertex.

400 2658 557 2734 Appareut
570 2657 628 2717 rari
642 2669 748 2718 nantes
761 2657 793 2716 iu
806 2658 921 2736 gurgite
935 2668 1028 2731 vasto,

401 2753 494 2811 Arma
507 2752 610 2825 virum,
627 2752 814 2829 tabulaeque,
829 2761 860 2812 et
873 2749 965 2811 Troia
977 2770 1052 2829 gaza
1064 2771 1118 2830 per
1130 2750 1234 2814 undas.

399 2846 468 2920 Jam
482 2846 611 2905 validam
626 2844 735 2905 Ilionei
747 2864 864 2919 navem,
875 2845 939 2924 jam
953 2844 1038 2904 fortis
1051 2844 1197 2919 Achatae,

401 2938 440 2996 Et
454 2958 513 3014 qua
528 2950 630 3000 vectus
642 2940 736 3011 Abas,
752 2948 855 3014 etqua
867 2938 1052 3015 grandaevus
1066 2937 1179 3012 Aletes,

399 3029 481 3090 Vicit
495 3030 609 3106 hiems3
630 3030 704 3090 laxis
718 3032 843 3090 laterum
856 3029 1051 3108 compagibus
1066 3048 1172 3092 omnes

400 3122 561 3201 Accipiunt
574 3124 726 3185 inimicum
740 3123 876 3198 imbrem,¹
889 3122 1029 3201 rimisque
1043 3122 1191 3184 fatiscunt.

439 3219 560 3277 Interea
573 3237 683 3296 magno
697 3217 813 3280 misceri
827 3236 974 3277 murmure
987 3225 1122 3295 pontum,

400 3309 605 3387 Emissamque
619 3311 749 3371 hiemem
762 3308 854 3371 sensit
868 3311 1027 3388 Neptunus
1042 3319 1072 3370 et
1085 3308 1152 3368 imis
1342 3338 1380 3377 ιις

399 3403 512 3479 Stagna
524 3404 621 3464 refusa
633 3404 726 3478 vadis,
740 3403 868 3481 graviter
881 3413 1068 3465 commotus:
1087 3412 1118 3463 et
1131 3402 1194 3464 alto

399 3496 593 3573 Prospiciens,
610 3517 725 3559 summa
737 3498 888 3576 placidum
902 3506 992 3576 caput
1006 3496 1109 3557 exuriit
1121 3495 1211 3558 unda.

399 3587 562 3667 Disjectam
577 3593 699 3651 Aeneae
713 3602 778 3652 toto
791 3592 874 3652 videt
886 3608 1015 3668 aequore
1029 3590 1164 3663 classem,

398 3681 551 3741 Fluctibus
564 3702 725 3760 oppressos
739 3687 835 3746 Troas
848 3684 985 3761 coelique
998 3681 1094 3756 ruina,

397 3775 463 3834 Nec
477 3776 588 3836 latuere
603 3777 665 3837 doli
678 3779 799 3848 fratrem
809 3777 941 3855 Junonis
953 3788 984 3838 et
996 3776 1066 3838 irae.
1340 3804 1381 3844 ιφ

397 3869 509 3928 Eurum
523 3869 561 3929 ad
575 3887 609 3932 se
622 3872 849 3949 Zephyrumque
863 3881 961 3945 vocat,
975 3870 1085 3932 dehinc
1098 3868 1170 3930 talia
1181 3868 1278 3932 sature

437 3962 573 4023 Tantane
586 3982 642 4028 uos
655 3965 775 4046 generis
787 3963 1005 4036 tenuittiduciu
1017 3963 1127 4026 vestri?
