3550 4859
396 554 433 611 62
726 564 753 610 r.
773 566 875 610 ov1n11
898 566 1033 611 uasovrs

399 712 512 789 Sponte
527 730 580 773 sua
594 730 713 772 carmen
727 730 866 771 numeros
880 710 1019 772 veniebat
1033 711 1072 771 ad
1086 720 1181 788 aptos,

438 806 484 879 Et,
502 807 584 883 quod
598 807 750 865 tentabam
765 805 901 879 scribere,
916 825 1017 865 versus
1032 815 1101 865 erat

398 900 517 958 Interea
530 898 621 959 tacito
636 917 725 975 passu
739 898 908 957 labentibus
922 898 1016 972 annis,

438 990 574 1052 Liberior
586 990 667 1050 fratri
681 1001 779 1050 sumta
792 990 924 1067 mihique
939 1000 1009 1069 toga
1023 1002 1076 1066 est,

399 1085 595 1161 Induiturque
609 1084 748 1143 humeros
763 1102 831 1142 cum
845 1084 907 1143 lato
921 1104 1049 1161 purpura
1063 1085 1170 1161 clav03
1205 1097 1209 1104 “
1234 1101 1236 1104 ’

440 1180 479 1237 Et
493 1176 623 1236 studium
637 1176 735 1249 nobis,
751 1177 832 1252 quod
846 1176 901 1236 suit
915 1188 993 1251 ante,
1008 1188 1117 1237 manet.

398 1272 526 1349 Jamque
541 1270 647 1330 decem
660 1268 739 1329 vitae
753 1270 842 1329 frater
855 1268 1056 1346 geminaverat
1069 1289 1174 1344 annos,

440 1364 541 1437 Quum
556 1362 639 1439 perit,
656 1374 686 1422 et
700 1363 788 1439 coepi
802 1374 885 1439 parte
900 1382 998 1422 carere
1013 1362 1080 1422 mei.

400 1454 543 1532 Cepimus
557 1464 588 1515 et
602 1467 720 1515 tenerae
735 1455 847 1532 primos
860 1456 965 1515 aetatis
979 1456 1116 1529 honores,

441 1550 548 1625 Deque
562 1548 631 1608 viris
646 1549 799 1625 quondam
813 1568 880 1625 pars
895 1548 987 1607 tribus
1001 1567 1061 1607 una
1073 1547 1124 1607 sui.

401 1641 491 1704 Curia
504 1643 633 1701 restabat
644 1664 652 1716 ;
673 1642 748 1702 clavi
765 1661 904 1704 mensura
917 1653 1023 1702 coacta
1036 1652 1099 1701 est:

441 1737 542 1812 Majus
557 1746 619 1795 erat
634 1735 742 1795 nostris
756 1734 866 1795 viribus
880 1734 952 1794 illud
967 1753 1052 1793 onus.

401 1831 467 1889 Nec
481 1829 598 1905 patiens
612 1847 721 1906 corpus
735 1848 792 1888 nec
805 1847 892 1887 mens
904 1827 959 1887 fuit
972 1838 1044 1904 apta
1055 1826 1160 1901 labori,

402 1938 405 1943 '
441 1922 650 1999 Sollicitaeque
665 1924 753 1999 fugax
766 1919 938 1981 ambitionis
951 1939 1053 1994 eram;

402 2017 441 2076 Et
454 2026 555 2093 petere
569 2015 687 2075 Aoniae
702 2016 867 2075 suadebant
880 2024 946 2074 tuta
959 2015 1082 2075 Sorores

442 2109 521 2182 Otia,
534 2108 648 2185 judicio
664 2127 781 2185 semper
793 2118 892 2167 amata
905 2125 983 2167 meo.

401 2200 559 2278 Temporis
572 2200 651 2262 illius
666 2200 745 2261 colui
758 2200 878 2277 fovique
892 2202 1005 2278 po'e‘tas,

443 2296 585 2371 Quotque
601 2295 724 2354 aderant
737 2306 829 2367 vates,
843 2295 930 2353 rebar
943 2294 1047 2354 adesse
1061 2292 1144 2354 deos

402 2389 497 2464 Saepe
513 2406 581 2447 suas
594 2388 731 2447 volucres
745 2388 817 2463 legit
831 2386 903 2444 mihi
916 2385 1152 2463 grandiorem,

443 2481 590 2557 Quaeque
605 2492 693 2541 necet
707 2500 837 2557 serpeus,
853 2497 931 2556 quae
942 2481 1026 2556 juvet
1039 2480 1141 2552 herba,
1157 2480 1263 2540 Macer
1271 2499 1282 2555 3

404 2575 501 2650 Saepe
516 2593 586 2634 suos
601 2574 706 2634 solitus
720 2574 841 2633 recitare
856 2572 1026 2650 Propertius
1040 2572 1133 2649 ignes,

442 2669 514 2745 Jure
530 2666 659 2727 sodalitii
673 2666 725 2743 qui
738 2665 811 2725 mihi
822 2667 944 2743 junctus
957 2675 1027 2726 erat.

340 2803 344 2813 .
404 2760 547 2821 Ponticus
562 2762 664 2834 heroo,
681 2762 789 2820 Bassus
803 2778 923 2836 quoque
938 2760 1033 2819 clarus
1047 2757 1159 2834 iambo,

445 2853 555 2914 Dulcia
569 2852 724 2913 convictus
737 2854 872 2912 membra
883 2853 964 2913 suere
978 2851 1037 2913 mei
1048 2874 1057 2927 3

405 2949 445 3009 Et
458 2947 553 3008 tenuit
567 2958 683 3007 nostras
697 2964 871 3005 numerosus
885 2946 1031 3006 Horatius
1044 2965 1140 3021 aures,

446 3043 527 3101 Dum
541 3040 608 3100 ferit
621 3039 757 3099 Ausonia
770 3039 902 3098 carmina
915 3040 1078 3117 cultslyra

403 3134 559 3211 Virgilium
574 3132 637 3193 vidi
650 3143 786 3208 tantum;
804 3151 862 3192 nec
876 3151 977 3192 amara
990 3132 1112 3202 Tibullo

443 3231 577 3304 Tempus
592 3226 739 3287 amicitiae
752 3225 813 3285 sata
826 3226 936 3285 dedere
949 3244 1042 3285 meae

404 3323 564 3383 Successor
577 3320 632 3380 fuit
645 3319 695 3380 hic
708 3318 772 3393 tibi,
787 3320 883 3393 Galle,
900 3318 1069 3395 Propertius
1082 3319 1145 3397 illi3

446 3417 578 3491 Quartus
592 3416 630 3474 ab
645 3412 692 3473 his
707 3413 782 3473 serie
795 3412 938 3489 temporis
951 3411 1016 3489 ipse
1028 3412 1078 3473 fui

404 3510 509 3586 thue
523 3528 580 3585 ego
594 3509 730 3584 majores,
746 3506 788 3566 sic
802 3526 851 3566 me
865 3507 983 3566 coluere
996 3506 1136 3581 minores,

446 3604 587 3679 Notaque
602 3621 664 3661 non
678 3602 761 3660 tarde
775 3601 854 3659 iacta
866 3598 975 3659 Thalia
986 3617 1056 3659 mea
1068 3609 1122 3659 est

406 3696 548 3757 Carmina
562 3713 654 3772 quum
667 3693 795 3771 primum
809 3693 923 3769 populo
933 3692 1076 3771 juvenilia
1088 3691 1156 3770 legi,

446 3791 543 3849 Barba
556 3799 671 3847 resecta
684 3785 757 3846 mihi
770 3785 853 3847 bisve
867 3786 997 3845 semelve
1009 3785 1073 3845 fuit

405 3884 543 3945 Moverat
558 3880 710 3960 ingenium
724 3890 819 3940 totam
832 3890 952 3939 cantata
963 3897 1018 3956 per
1030 3880 1148 3941 Urbem

446 3974 577 4036 Nomine
591 3994 653 4035 non
667 3992 738 4035 vero
751 3972 832 4034 dicta
845 3971 980 4035 Corinna
990 3972 1073 4035 mihi.
1100 4004 1102 4008 ·
