3550 4859
406 579 442 621 an
703 600 705 602 -
735 575 762 620 Ρ.
782 565 884 620 otini}
905 565 1043 621 neutile

404 724 487 786 Orbe
501 712 870 799 pererrnt0÷qnls·enin
884 719 1068 799 deprendere
1082 717 1177 796 possit

404 818 495 875 Furta
507 816 812 893 Jovisl-ptotngus
824 813 1011 892 patriamque
1024 812 1158 889 iramque
1171 810 1301 890 parentis

403 908 488 968 Vitat
501 907 696 985 Agenorides,
713 906 893 983 Phoebique
901 906 1022 967 oracula
1036 906 1161 983 supplex

405 1000 543 1062 Consulit
557 1010 596 1074 et,
612 1015 689 1076 quae
704 998 841 1060 tituenus
855 998 1027 1072 habitanda,
1041 998 1171 1076 requirit

404 1095 465 1153 Bos
479 1092 542 1168 tibi,
559 1093 702 1153 Phoebus·
712 1092 764 1166 ait,-
777 1091 850 1152 solis
863 1101 998 1151 occurret
1011 1090 1042 1150 in
1057 1091 1142 1166 uvis,

404 1187 530 1247 Nullum
543 1203 631 1263 passa
643 1188 747 1263 jugum
760 1182 901 1261 misique
915 1184 1056 1244 immunis
1069 1185 1174 1245 aratri:

406 1282 476 1340 Hac
490 1280 567 1340 duce
580 1297 669 1355 carpe
682 1277 745 1337 vias
759 1288 798 1351 et,
813 1277 1063 1355 qtrarequieverit
1079 1278 1180 1351 herba,

406 1371 531 1433 Moenia
544 1372 591 1431 fac
605 1370 727 1444 condas,
743 1369 929 1447 ffieotiaque
942 1371 992 1431 illa
1005 1382 1120 1431 vocato.
1201 1403 1203 1407 Α
1311 1382 1315 1390 ·

404 1464 465 1524 Vix
477 1466 555 1525 bene
570 1465 703 1526 Castalio
717 1464 853 1525 Cadmus
865 1464 1061 1524 descenderat
1075 1473 1170 1537 annu,

405 1556 624 1618 Incustoditam
637 1558 717 1617 lente
730 1556 813 1618 videt
826 1556 868 1616 ire
881 1557 1048 1632 juvencam,

406 1652 529 1711 Nullum
544 1650 652 1711 servitii
666 1650 783 1728 signum
797 1648 914 1711 cervice
926 1659 1087 1727 gerentem.

405 1743 601 1821 Subsequitur
613 1761 776 1821 pressoque
790 1742 862 1821 legit
875 1741 1000 1820 vestigia
1012 1761 1122 1822 gressu
1244 1762 1248 1772 ·

404 1840 630 1913 Auctoremque
643 1836 709 1897 viae
724 1837 884 1897 Phoebum·
895 1835 1056 1898 taciturnus
1071 1836 1183 1897 adorat

404 1933 474 2008 Jam
486 1930 564 1990 vada
578 1929 701 2007 Cephisi
715 1932 914 2007 Panopesque
928 1937 1062 1990 evaserm
1074 1945 1163 1989 arva:

405 2026 467 2083 Bos
480 2022 561 2083 stetit
574 2033 613 2099 et,
628 2015 737 2083 tollens
751 2022 913 2101 spatiosam
927 2021 1067 2083 comibus
1080 2021 1148 2082 altis
1213 2038 1219 2045 ·

404 2116 454 2177 Ad
469 2117 587 2177 coelum
601 2117 737 2191 frontem,
752 2116 914 2194 mugitibus
928 2116 1046 2193 impulit
1059 2133 1153 2190 auras,

404 2211 506 2286 Atque
520 2209 570 2284 ita,
585 2208 749 2287 respiciens
760 2209 886 2271 comites
900 2228 955 2269 sna
968 2219 1050 2286 terga
1064 2218 1233 2286 sequentes,

406 2296 742 2381 Procubuit-tenerisque
756 2303 833 2363 latus
846 2302 983 2363 submisit
996 2302 1027 2362 in
1041 2303 1139 2362 herba.

406 2395 539 2457 Cadmus
553 2396 613 2474 agit
625 2408 731 2474 grates,
746 2395 979 2474 peregrinaeque
993 2387 1096 2455 oscula
1108 2405 1204 2457 terrae

405 2488 485 2566 Figit
498 2498 528 2549 et
542 2488 662 2566 ignotos
669 2500 792 2551 montes
807 2505 952 2567 agrosque
966 2490 1082 2549 salutat.

405 2584 495 2643 Sacra
507 2582 577 2659 Jovi
589 2584 719 2644 tacturus
733 2593 814 2643 erat:
833 2584 920 2660 jubet
932 2581 975 2642 ire
987 2581 1138 2642 ministros

406 2677 446 2736 Et
459 2686 559 2753 petere
574 2694 591 2736 e
605 2675 679 2736 vivis
693 2674 830 2737 libandas
843 2674 976 2736 fontibus
987 2675 1094 2735 undas

407 2768 488 2829 Silva
501 2779 585 2829 vetus
599 2770 705 2843 stabat,
720 2770 804 2829 nulla
816 2768 929 2829 violata
943 2768 1046 2842 securi,

406 2864 446 2921 Et
460 2879 567 2938 specus
579 2861 611 2920 in
625 2861 735 2936 medlo,
750 2861 839 2939 virgis
852 2876 889 2922 ac
902 2860 1014 2922 vimine
1027 2861 1148 2936 densus,

406 2954 546 3014 Efficiens
560 2953 704 3014 humilem
718 2955 855 3032 lapidum-
865 2954 1061 3033 compagibus
1074 2971 1185 3029 arcum,

406 3046 558 3108 Uberibus
572 3047 718 3107 fecundus
732 3046 817 3124 aquis
827 3069 836 3107 r
856 3047 909 3107 ubi
923 3047 1060 3108 conditus
1075 3058 1160 3108 antro
1285 3048 1288 3053 “

407 3139 534 3200 Martius
548 3139 653 3217 anguis
666 3150 737 3214 erat,
753 3139 848 3200 cristis
862 3140 1025 3217 praesignis
1039 3150 1069 3200 et
1083 3159 1174 3215 auro;

407 3235 482 3310 Igne
496 3232 608 3293 micant
622 3232 709 3307 oculi,
725 3252 832 3310 corpus
847 3242 942 3293 tumet
956 3252 1046 3293 omne
1060 3252 1188 3307 veneno,

406 3327 542 3403 Tresque
555 3326 673 3387 vibrant
687 3326 813 3403 linguae,
828 3326 937 3404 triplici
953 3337 1032 3387 stant
1045 3326 1149 3387 ordine
1164 3328 1279 3387 dentes.

407 3420 506 3495 Quem
520 3431 680 3497 postquam
694 3418 784 3497 Tyria
797 3419 898 3479 lucum
912 3419 951 3479 de
964 3429 1053 3496 gente
1068 3419 1193 3496 profecti

407 3512 542 3572 Infausto
557 3512 678 3590 tetigere
691 3514 793 3590 gradu,
809 3512 998 3590 demissaque
1012 3512 1042 3570 in
1056 3514 1153 3572 undas

407 3607 493 3666 Urna
507 3605 590 3666 dedit
603 3605 743 3679 sonitum,
758 3607 851 3683 longo
863 3615 955 3683 caput
968 3604 1073 3666 extulit
1087 3616 1174 3667 antro

407 3699 570 3759 Caeruleus
585 3715 707 3776 serpens
719 3698 928 3775 horrendaque
941 3698 1028 3759 sibila
1040 3697 1129 3759 misit

407 3792 554 3851 Effluxere
568 3807 660 3852 urnae
672 3792 818 3865 manibus,
834 3791 1013 3869 sanguisque
1027 3790 1145 3869 reliquit

407 3885 525 3961 Corpus
538 3895 569 3944 et
582 3883 726 3945 attonitos
740 3884 854 3945 subitus
868 3894 980 3945 tremor
992 3895 1121 3962 occupat
1135 3894 1222 3947 artua

404 3976 466 4038 -llle
479 3976 660 4040 volubilibus
673 3992 853 4056 squamosos
863 3977 991 4040 nexibus
1004 3978 1094 4040 mbos
1109 4037 1112 4042 ,
