3550 4859
709 562 918 612 mamurra.
940 561 999 607 un
1021 563 1064 607 ΧΙ.

398 711 528 770 Munera
541 708 716 788 contigerat,
732 708 868 770 Cerealia
880 709 962 770 dona
974 709 1131 788 rigebaut;
1232 763 1234 766 .

400 804 470 863 Sive
484 804 579 880 dapes
592 803 683 863 avido
695 802 865 863 convellere
877 803 968 863 dente
982 803 1114 880 parabat,

397 895 524 957 Lamina
538 895 618 955 fulva
631 897 725 973 dapes
739 897 863 956 admoto
876 895 967 956 dente
980 897 1144 974 premebat.

398 989 562 1050 Miscuerat
575 989 658 1067 puris
672 999 823 1050 auctorem
837 989 967 1050 muneris
980 989 1088 1063 undis;

368 1102 370 1106 ·
398 1082 499 1142 Fusile
514 1101 568 1159 per
581 1082 672 1143 ricbrs
686 1101 789 1141 aurum
802 1082 918 1142 fluitare
931 1082 1058 1142 videres.

397 1176 552 1235 Attonitus
566 1175 698 1235 novitate
712 1174 791 1248 mali,
807 1174 951 1251 divesque
964 1174 1112 1250 miserque

398 1268 536 1346 Effugere
549 1277 635 1345 optat
646 1287 722 1345 opes
735 1277 774 1341 et,
790 1286 867 1343 quae
881 1268 972 1327 modo
986 1276 1116 1340 voverat,
1132 1264 1204 1326 odit.

399 1362 496 1438 Copia
510 1361 592 1421 nulla
606 1362 715 1420 samem
729 1362 860 1435 relevat;
880 1361 946 1421 sitis
960 1360 1042 1420 arida
1055 1369 1156 1439 guttur

398 1455 477 1528 Urit,
494 1464 525 1515 et
539 1453 635 1514 inviso
649 1453 770 1514 meritus
785 1463 940 1530 torquetur
953 1454 992 1512 ab
1006 1472 1085 1513 auro.

398 1548 450 1608 Ad
464 1547 641 1623 coelumque
655 1566 761 1607 manus
776 1556 805 1607 et
819 1545 979 1623 splendida
991 1545 1114 1605 brachia
1127 1544 1245 1617 tollens,

399 1643 449 1701 Da
462 1640 589 1714 veniam,
605 1641 725 1700 Lenaee
738 1643 841 1717 paterl
883 1638 1095 1712 Peccavimus,
1115 1637 1219 1714 iuquit,

398 1735 458 1796 Sed
473 1733 621 1807 miserere,
636 1751 750 1810 precor,
766 1732 963 1809 speciosoque
978 1732 1058 1809 eripe
1072 1732 1200 1794 damno!

400 1828 477 1888 Mite
492 1827 581 1886 deum
595 1844 715 1898 numen,
731 1826 867 1886 Bacchus
881 1844 1024 1902 peccasse
1037 1825 1181 1898 fatentem

326 1909 329 1914 ’
401 1919 552 1992 Restituit,
568 1919 706 1995 factaque
719 1920 779 1979 fide
790 1919 864 2005 ¹data
876 1937 1000 1978 munera
1014 1919 1111 1978 solvit

402 2014 487 2072 Neve
502 2013 580 2072 male
594 2021 698 2088 optato
710 2031 833 2072 maneas
847 2011 1030 2072 circumlitus
1043 2029 1124 2083 auro,

400 2106 495 2179 Vade,
511 2105 561 2178 ait,
576 2105 617 2165 ad
629 2105 746 2182 magnis
759 2104 890 2165 vicinum
906 2105 1050 2164 Sardibus
1064 2120 1190 2176 amnem,

401 2200 518 2275 Perque
530 2198 634 2276 jugum
648 2197 731 2274 ripae
744 2197 915 2257 labentibus
928 2197 1034 2257 obvius
1047 2195 1136 2255 undis

401 2291 500 2367 Carpe
514 2288 600 2362 viam,
617 2289 715 2350 donec
728 2289 832 2349 venias
847 2289 886 2348 ad
900 2288 1029 2347 fluminis
1042 2298 1143 2360 ortus;

403 2381 637 2461 spumigeroque
650 2391 733 2443 tuum
747 2382 831 2455 sonti,
846 2402 906 2459 qua
919 2381 1063 2458 plurimus
1076 2380 1145 2453 exit,

401 2474 502 2535 Subde
517 2483 613 2552 caput,
629 2493 797 2551 corpusque
810 2474 907 2548 simul,
923 2474 1010 2534 simul
1024 2475 1091 2534 elue
1105 2473 1226 2535 crimen.

403 2569 471 2628 Rex
488 2569 590 2647 jussae
603 2568 738 2629 succedit
750 2587 854 2645 aquae.
896 2569 952 2628 Vis
966 2587 1056 2629 aurea
1069 2566 1156 2628 tinxit

404 2661 528 2720 Flumen
543 2670 574 2720 et
587 2661 718 2721 humano
732 2662 771 2720 de
785 2679 910 2738 corpore
924 2661 1013 2721 cessit
1026 2661 1057 2720 in
1073 2677 1200 2719 amnem.

404 2755 493 2812 Nunc
508 2771 627 2829 quoque
644 2754 708 2832 jam
721 2753 829 2813 veteris
843 2761 987 2830 percepto
1000 2752 1114 2813 semiue
1127 2768 1222 2811 venae

404 2848 485 2905 Arva
498 2846 602 2924 rigent,
618 2866 689 2906 auro
701 2845 829 2906 madidis
842 2846 985 2922 pallentia
997 2846 1102 2924 glebis

444 2939 510 3011 Ille,
525 2957 650 3015 perosus
664 2958 746 3016 opes,
761 2939 852 2999 silvas
867 2948 898 2999 et
911 2958 979 2999 rura
992 2939 1110 2999 colebat

405 3033 547 3108 Panaque
560 3031 711 3093 montanis
723 3032 909 3093 habitantem
923 3051 1039 3109 semper
1052 3031 1084 3091 in
1097 3030 1198 3092 antris.

405 3124 520 3200 Pingue
534 3124 589 3184 sed
603 3124 755 3203 ingenium
769 3126 878 3186 mansit
889 3148 900 3201 3
919 3126 1121 3201 nocituraque,
1136 3135 1170 3185 ut
1182 3133 1261 3196 ante,

405 3218 521 3276 Rursus
536 3228 621 3277 erant
632 3217 755 3279 domino
769 3219 897 3280 stolidae
911 3218 1086 3295 praecordia
1098 3219 1216 3278 mentis

347 3332 352 3343 ·
405 3310 485 3368 Nam
499 3309 574 3371 freta
586 3310 780 3388 prospiciens,
796 3301 856 3372 late
870 3310 947 3390 riget
960 3310 1070 3369 arduus
1084 3311 1145 3370 alto

404 3402 531 3462 Tmolus
544 3401 575 3462 in
589 3403 746 3478 adscensu,
762 3403 901 3480 clivoque
915 3413 1053 3463 extentus
1064 3413 1199 3480 utroque,

407 3493 550 3555 Sardibus
563 3496 642 3570 hinc,
657 3496 738 3557 illinc
752 3497 850 3574 parvis
863 3494 964 3555 finitur
977 3496 1143 3573 Hypaepis.

406 3589 470 3646 Pan
485 3587 526 3647 ibi
540 3588 611 3647 dum
625 3590 735 3651 teneris
752 3591 846 3669 jactat
858 3608 914 3650 sua
926 3589 1058 3649 cannina
1071 3588 1228 3668 Nymphis,

393 3756 396 3760 Δ
407 3680 446 3740 Et
459 3680 525 3740 leve
540 3692 639 3742 cerata
652 3682 822 3743 modulatur
834 3683 1123 3755 arundine-carmen,

405 3775 506 3834 Ausus
521 3774 699 3852 Apollineos
712 3794 784 3852 prae
798 3793 831 3835 se
843 3786 1036 3836 contemnere
1049 3785 1161 3848 cannis,

405 3867 512 3943 Judice
526 3868 583 3927 sub
596 3867 706 3929 Tmolo
720 3879 869 3929 certamen
882 3869 966 3928 venit
978 3869 1018 3929 ad
1032 3868 1135 3944 impar.

407 3961 515 4020 Monte
528 3978 584 4019 suo
598 3958 697 4021 senior
707 3960 802 4037 judex
814 3961 958 4034 consedit,
973 3970 1004 4022 et
1017 3978 1104 4021 aures
