<?xml version="1.0" encoding="UTF-8"?>
<!DOCTYPE html PUBLIC "-//W3C//DTD XHTML 1.0 Transitional//EN"
    "http://www.w3.org/TR/xhtml1/DTD/xhtml1-transitional.dtd">
<html xmlns="http://www.w3.org/1999/xhtml" xml:lang="en" lang="en">
 <head>
  <title>
</title>
<meta http-equiv="Content-Type" content="text/html;charset=utf-8" />
  <meta name='ocr-system' content='tesseract 3.04.00' />
  <meta name='ocr-capabilities' content='ocr_page ocr_carea ocr_par ocr_line ocrx_word'/>
</head>
<body>
  <div class='ocr_page' id='page_1' title='image "./selectionsfromo00rolfgoog_0110.png"; bbox 0 0 3550 4859; ppageno 0'>
   <div class='ocr_carea' id='block_1_1' title="bbox 398 552 1043 619">
    <p class='ocr_par' dir='ltr' id='par_1_1' title="bbox 398 552 1043 619">
     <span class='ocr_line' id='line_1_1' title="bbox 398 552 1043 619; baseline 0.002 -22"><span class='ocrx_word' id='word_1_1' title='bbox 398 562 438 619; x_wconf 81' lang='lat'>94</span> <span class='ocrx_word' id='word_1_2' title='bbox 696 552 728 600; x_wconf 81' lang='lat' dir='ltr'>P..</span> <span class='ocrx_word' id='word_1_3' title='bbox 744 556 878 600; x_wconf 69' lang='lat' dir='ltr'>vnum!</span> <span class='ocrx_word' id='word_1_4' title='bbox 900 554 1043 600; x_wconf 58' lang='lat' dir='ltr'>luobus</span> 
     </span>
    </p>
   </div>
   <div class='ocr_carea' id='block_1_2' title="bbox 398 694 1249 2078">
    <p class='ocr_par' dir='ltr' id='par_1_2' title="bbox 398 694 1249 780">
     <span class='ocr_line' id='line_1_2' title="bbox 398 694 1249 780; baseline -0.004 -17"><span class='ocrx_word' id='word_1_5' title='bbox 398 704 489 763; x_wconf 92' lang='lat' dir='ltr'>Nunc</span> <span class='ocrx_word' id='word_1_6' title='bbox 502 711 592 778; x_wconf 93' lang='lat' dir='ltr'>caput</span> <span class='ocrx_word' id='word_1_7' title='bbox 606 701 756 780; x_wconf 83' lang='lat' dir='ltr'>objectare</span> <span class='ocrx_word' id='word_1_8' title='bbox 769 700 861 773; x_wconf 80' lang='lat' dir='ltr'>iretis,</span> <span class='ocrx_word' id='word_1_9' title='bbox 875 717 956 758; x_wconf 90' lang='lat' dir='ltr'>nunc</span> <span class='ocrx_word' id='word_1_10' title='bbox 968 716 1086 758; x_wconf 84' lang='lat' dir='ltr'>currere</span> <span class='ocrx_word' id='word_1_11' title='bbox 1099 696 1131 758; x_wconf 86' lang='lat' dir='ltr'>io</span> <span class='ocrx_word' id='word_1_12' title='bbox 1145 694 1249 769; x_wconf 62' lang='lat' dir='ltr'>undu</span> 
     </span>
    </p>

    <p class='ocr_par' dir='ltr' id='par_1_3' title="bbox 399 789 1097 871">
     <span class='ocr_line' id='line_1_3' title="bbox 399 789 1097 871; baseline -0.006 -17"><span class='ocrx_word' id='word_1_13' title='bbox 399 796 438 854; x_wconf 92' lang='lat' dir='ltr'>Et</span> <span class='ocrx_word' id='word_1_14' title='bbox 452 792 551 853; x_wconf 92' lang='lat' dir='ltr'>studio</span> <span class='ocrx_word' id='word_1_15' title='bbox 566 794 716 856; x_wconf 82' lang='lat' dir='ltr'>incassum</span> <span class='ocrx_word' id='word_1_16' title='bbox 728 792 835 853; x_wconf 80' lang='lat' dir='ltr'>videas</span> <span class='ocrx_word' id='word_1_17' title='bbox 842 791 954 871; x_wconf 78' lang='lat' dir='ltr'><strong>gestire</strong></span> <span class='ocrx_word' id='word_1_18' title='bbox 966 789 1097 852; x_wconf 86' lang='lat' dir='ltr'>lavandi.</span> 
     </span>
    </p>

    <p class='ocr_par' dir='ltr' id='par_1_4' title="bbox 399 881 1229 966">
     <span class='ocr_line' id='line_1_4' title="bbox 399 881 1229 966; baseline 0.004 -21"><span class='ocrx_word' id='word_1_19' title='bbox 399 888 478 946; x_wconf 86' lang='lat' dir='ltr'>Turn</span> <span class='ocrx_word' id='word_1_20' title='bbox 491 886 595 946; x_wconf 79' lang='lat' dir='ltr'>cornix</span> <span class='ocrx_word' id='word_1_21' title='bbox 607 886 698 962; x_wconf 88' lang='lat' dir='ltr'>plena</span> <span class='ocrx_word' id='word_1_22' title='bbox 710 885 842 963; x_wconf 75' lang='lat' dir='ltr'>pluriam</span> <span class='ocrx_word' id='word_1_23' title='bbox 855 892 944 944; x_wconf 81' lang='lat' dir='ltr'>vocat</span> <span class='ocrx_word' id='word_1_24' title='bbox 956 881 1095 960; x_wconf 85' lang='lat' dir='ltr'>improba</span> <span class='ocrx_word' id='word_1_25' title='bbox 1107 901 1182 948; x_wconf 67' lang='grc' dir='ltr'>νοω</span> <span class='ocrx_word' id='word_1_26' title='bbox 1227 962 1229 966; x_wconf 85' lang='lat'>.</span> 
     </span>
    </p>

    <p class='ocr_par' dir='ltr' id='par_1_5' title="bbox 400 977 1043 1054">
     <span class='ocr_line' id='line_1_5' title="bbox 400 977 1043 1054; baseline -0.003 -16"><span class='ocrx_word' id='word_1_27' title='bbox 400 981 440 1038; x_wconf 89' lang='lat' dir='ltr'>Et</span> <span class='ocrx_word' id='word_1_28' title='bbox 454 979 518 1038; x_wconf 87' lang='lat' dir='ltr'>sola</span> <span class='ocrx_word' id='word_1_29' title='bbox 531 979 563 1037; x_wconf 90' lang='lat' dir='ltr'>in</span> <span class='ocrx_word' id='word_1_30' title='bbox 576 977 657 1038; x_wconf 86' lang='lat' dir='ltr'>sicca</span> <span class='ocrx_word' id='word_1_31' title='bbox 670 996 773 1038; x_wconf 87' lang='lat' dir='ltr'>secum</span> <span class='ocrx_word' id='word_1_32' title='bbox 786 977 932 1054; x_wconf 79' lang='lat' dir='ltr'>spatiatur</span> <span class='ocrx_word' id='word_1_33' title='bbox 945 994 1043 1037; x_wconf 84' lang='lat' dir='ltr'>arena</span> 
     </span>
    </p>

    <p class='ocr_par' dir='ltr' id='par_1_6' title="bbox 400 1069 1159 1147">
     <span class='ocr_line' id='line_1_6' title="bbox 400 1069 1159 1147; baseline 0.001 -16"><span class='ocrx_word' id='word_1_34' title='bbox 400 1074 449 1131; x_wconf 91' lang='lat' dir='ltr'>Ne</span> <span class='ocrx_word' id='word_1_35' title='bbox 463 1080 609 1131; x_wconf 87' lang='lat' dir='ltr'>nocturna</span> <span class='ocrx_word' id='word_1_36' title='bbox 622 1070 745 1147; x_wconf 90' lang='lat' dir='ltr'>quidem</span> <span class='ocrx_word' id='word_1_37' title='bbox 758 1079 917 1147; x_wconf 79' lang='lat' dir='ltr'>earpentes</span> <span class='ocrx_word' id='word_1_38' title='bbox 931 1088 1026 1146; x_wconf 89' lang='lat' dir='ltr'>pensa</span> <span class='ocrx_word' id='word_1_39' title='bbox 1039 1069 1159 1147; x_wconf 79' lang='lat' dir='ltr'>puellae</span> 
     </span>
    </p>

    <p class='ocr_par' dir='ltr' id='par_1_7' title="bbox 399 1162 1203 1238">
     <span class='ocr_line' id='line_1_7' title="bbox 399 1162 1203 1238; baseline 0 -14"><span class='ocrx_word' id='word_1_40' title='bbox 399 1163 561 1224; x_wconf 90' lang='lat' dir='ltr'>Nescivere</span> <span class='ocrx_word' id='word_1_41' title='bbox 576 1163 714 1236; x_wconf 85' lang='lat' dir='ltr'>hiemem,</span> <span class='ocrx_word' id='word_1_42' title='bbox 729 1171 807 1223; x_wconf 81' lang='lat' dir='ltr'>testa</span> <span class='ocrx_word' id='word_1_43' title='bbox 820 1181 913 1238; x_wconf 91' lang='lat' dir='ltr'>quum</span> <span class='ocrx_word' id='word_1_44' title='bbox 926 1163 1051 1224; x_wconf 83' lang='lat' dir='ltr'>ardente</span> <span class='ocrx_word' id='word_1_45' title='bbox 1065 1162 1203 1224; x_wconf 83' lang='lat' dir='ltr'>viderent</span> 
     </span>
    </p>

    <p class='ocr_par' dir='ltr' id='par_1_8' title="bbox 401 1254 1181 1426">
     <span class='ocr_line' id='line_1_8' title="bbox 401 1254 1181 1335; baseline -0.003 -19"><span class='ocrx_word' id='word_1_46' title='bbox 401 1255 568 1316; x_wconf 89' lang='lat' dir='ltr'>Scintiliare</span> <span class='ocrx_word' id='word_1_47' title='bbox 582 1256 682 1316; x_wconf 88' lang='lat' dir='ltr'>oleum</span> <span class='ocrx_word' id='word_1_48' title='bbox 696 1263 727 1315; x_wconf 90' lang='lat' dir='ltr'>et</span> <span class='ocrx_word' id='word_1_49' title='bbox 741 1263 843 1331; x_wconf 89' lang='lat' dir='ltr'>putres</span> <span class='ocrx_word' id='word_1_50' title='bbox 857 1274 1049 1316; x_wconf 82' lang='lat' dir='ltr'>concrescere</span> <span class='ocrx_word' id='word_1_51' title='bbox 1063 1254 1181 1335; x_wconf 82' lang='lat' dir='ltr'>fungos.</span> 
     </span>
     <span class='ocr_line' id='line_1_9' title="bbox 440 1346 1147 1426; baseline 0.004 -19"><span class='ocrx_word' id='word_1_52' title='bbox 440 1351 506 1408; x_wconf 94' lang='lat' dir='ltr'>Nec</span> <span class='ocrx_word' id='word_1_53' title='bbox 521 1346 618 1407; x_wconf 91' lang='lat' dir='ltr'>minus</span> <span class='ocrx_word' id='word_1_54' title='bbox 632 1368 670 1407; x_wconf 82' lang='lat' dir='ltr'>ex</span> <span class='ocrx_word' id='word_1_55' title='bbox 682 1346 770 1409; x_wconf 86' lang='lat' dir='ltr'>imbri</span> <span class='ocrx_word' id='word_1_56' title='bbox 783 1348 865 1409; x_wconf 86' lang='lat' dir='ltr'>soles</span> <span class='ocrx_word' id='word_1_57' title='bbox 879 1359 910 1409; x_wconf 91' lang='lat' dir='ltr'>et</span> <span class='ocrx_word' id='word_1_58' title='bbox 923 1358 1027 1426; x_wconf 84' lang='lat' dir='ltr'>aperta</span> <span class='ocrx_word' id='word_1_59' title='bbox 1041 1368 1147 1410; x_wconf 86' lang='lat' dir='ltr'>serena</span> 
     </span>
    </p>

    <p class='ocr_par' dir='ltr' id='par_1_9' title="bbox 400 1440 1170 1521">
     <span class='ocr_line' id='line_1_10' title="bbox 400 1440 1170 1521; baseline 0.005 -20"><span class='ocrx_word' id='word_1_60' title='bbox 400 1442 574 1520; x_wconf 90' lang='lat' dir='ltr'>Prospicere</span> <span class='ocrx_word' id='word_1_61' title='bbox 589 1451 619 1502; x_wconf 91' lang='lat' dir='ltr'>et</span> <span class='ocrx_word' id='word_1_62' title='bbox 632 1440 720 1501; x_wconf 87' lang='lat' dir='ltr'>certis</span> <span class='ocrx_word' id='word_1_63' title='bbox 734 1442 848 1519; x_wconf 87' lang='lat' dir='ltr'>poteris</span> <span class='ocrx_word' id='word_1_64' title='bbox 860 1461 1044 1521; x_wconf 81' lang='lat' dir='ltr'>cognoscere</span> <span class='ocrx_word' id='word_1_65' title='bbox 1057 1442 1170 1520; x_wconf 62' lang='lat' dir='ltr'>signiter</span> 
     </span>
    </p>

    <p class='ocr_par' dir='ltr' id='par_1_10' title="bbox 400 1535 1153 1612">
     <span class='ocr_line' id='line_1_11' title="bbox 400 1535 1153 1612; baseline 0.003 -18"><span class='ocrx_word' id='word_1_66' title='bbox 400 1537 480 1595; x_wconf 91' lang='lat' dir='ltr'>Nam</span> <span class='ocrx_word' id='word_1_67' title='bbox 494 1554 592 1612; x_wconf 90' lang='lat' dir='ltr'>neque</span> <span class='ocrx_word' id='word_1_68' title='bbox 605 1544 669 1595; x_wconf 92' lang='lat' dir='ltr'>tum</span> <span class='ocrx_word' id='word_1_69' title='bbox 683 1536 778 1596; x_wconf 88' lang='lat' dir='ltr'>stellis</span> <span class='ocrx_word' id='word_1_70' title='bbox 791 1536 872 1597; x_wconf 87' lang='lat' dir='ltr'>acies</span> <span class='ocrx_word' id='word_1_71' title='bbox 885 1536 1015 1598; x_wconf 88' lang='lat' dir='ltr'>obtunsa</span> <span class='ocrx_word' id='word_1_72' title='bbox 1026 1535 1153 1609; x_wconf 83' lang='lat' dir='ltr'>videtur,</span> 
     </span>
    </p>

    <p class='ocr_par' dir='ltr' id='par_1_11' title="bbox 399 1628 1072 1707">
     <span class='ocr_line' id='line_1_12' title="bbox 399 1628 1072 1707; baseline -0.003 -18"><span class='ocrx_word' id='word_1_73' title='bbox 399 1630 466 1689; x_wconf 91' lang='lat' dir='ltr'>Nec</span> <span class='ocrx_word' id='word_1_74' title='bbox 480 1629 578 1689; x_wconf 82' lang='lat' dir='ltr'>fratris</span> <span class='ocrx_word' id='word_1_75' title='bbox 591 1628 682 1689; x_wconf 87' lang='lat' dir='ltr'>radiis</span> <span class='ocrx_word' id='word_1_76' title='bbox 696 1629 826 1689; x_wconf 85' lang='lat' dir='ltr'>obnoxia</span> <span class='ocrx_word' id='word_1_77' title='bbox 839 1648 961 1707; x_wconf 84' lang='lat' dir='ltr'>surgere</span> <span class='ocrx_word' id='word_1_78' title='bbox 976 1630 1072 1703; x_wconf 85' lang='lat' dir='ltr'>Luna,</span> 
     </span>
    </p>

    <p class='ocr_par' dir='ltr' id='par_1_12' title="bbox 399 1720 1114 1802">
     <span class='ocr_line' id='line_1_13' title="bbox 399 1720 1114 1802; baseline 0.003 -23"><span class='ocrx_word' id='word_1_79' title='bbox 399 1721 516 1781; x_wconf 89' lang='lat' dir='ltr'>Tenuia</span> <span class='ocrx_word' id='word_1_80' title='bbox 530 1741 586 1783; x_wconf 94' lang='lat' dir='ltr'>nec</span> <span class='ocrx_word' id='word_1_81' title='bbox 601 1722 687 1783; x_wconf 86' lang='lat' dir='ltr'>lanae</span> <span class='ocrx_word' id='word_1_82' title='bbox 700 1741 756 1800; x_wconf 90' lang='lat' dir='ltr'>per</span> <span class='ocrx_word' id='word_1_83' title='bbox 768 1723 886 1783; x_wconf 88' lang='lat' dir='ltr'>coelum</span> <span class='ocrx_word' id='word_1_84' title='bbox 900 1722 1014 1802; x_wconf 79' lang='lat' dir='ltr'>vellera</span> <span class='ocrx_word' id='word_1_85' title='bbox 1026 1720 1114 1796; x_wconf 87' lang='lat' dir='ltr'>ferri;</span> 
     </span>
    </p>

    <p class='ocr_par' dir='ltr' id='par_1_13' title="bbox 400 1812 1211 1892">
     <span class='ocr_line' id='line_1_14' title="bbox 400 1812 1211 1892; baseline 0.004 -19"><span class='ocrx_word' id='word_1_86' title='bbox 400 1816 471 1874; x_wconf 92' lang='lat' dir='ltr'>Non</span> <span class='ocrx_word' id='word_1_87' title='bbox 486 1815 621 1892; x_wconf 88' lang='lat' dir='ltr'>tepidum</span> <span class='ocrx_word' id='word_1_88' title='bbox 635 1816 675 1875; x_wconf 88' lang='lat' dir='ltr'>ad</span> <span class='ocrx_word' id='word_1_89' title='bbox 688 1816 784 1875; x_wconf 88' lang='lat' dir='ltr'>solem</span> <span class='ocrx_word' id='word_1_90' title='bbox 798 1834 914 1892; x_wconf 85' lang='lat' dir='ltr'>pennas</span> <span class='ocrx_word' id='word_1_91' title='bbox 927 1814 959 1874; x_wconf 89' lang='lat' dir='ltr'>in</span> <span class='ocrx_word' id='word_1_92' title='bbox 973 1815 1060 1876; x_wconf 91' lang='lat' dir='ltr'>litore</span> <span class='ocrx_word' id='word_1_93' title='bbox 1073 1812 1211 1891; x_wconf 75' lang='lat' dir='ltr'>pandunt</span> 
     </span>
    </p>

    <p class='ocr_par' dir='ltr' id='par_1_14' title="bbox 400 1906 1112 1987">
     <span class='ocr_line' id='line_1_15' title="bbox 400 1906 1112 1987; baseline 0.003 -22"><span class='ocrx_word' id='word_1_94' title='bbox 400 1906 536 1967; x_wconf 88' lang='lat' dir='ltr'>Dilectae</span> <span class='ocrx_word' id='word_1_95' title='bbox 550 1908 673 1967; x_wconf 88' lang='lat' dir='ltr'>Thetidi</span> <span class='ocrx_word' id='word_1_96' title='bbox 686 1908 838 1987; x_wconf 82' lang='lat' dir='ltr'>alcyones,</span> <span class='ocrx_word' id='word_1_97' title='bbox 853 1927 917 1973; x_wconf 85' lang='lat' dir='ltr'>non</span> <span class='ocrx_word' id='word_1_98' title='bbox 930 1926 982 1967; x_wconf 91' lang='lat' dir='ltr'>ore</span> <span class='ocrx_word' id='word_1_99' title='bbox 996 1908 1112 1968; x_wconf 88' lang='lat' dir='ltr'>solutos</span> 
     </span>
    </p>

    <p class='ocr_par' dir='ltr' id='par_1_15' title="bbox 399 1998 1115 2078">
     <span class='ocr_line' id='line_1_16' title="bbox 399 1998 1115 2078; baseline 0 -18"><span class='ocrx_word' id='word_1_100' title='bbox 399 2001 553 2060; x_wconf 92' lang='lat' dir='ltr'>Immundi</span> <span class='ocrx_word' id='word_1_101' title='bbox 567 2000 729 2061; x_wconf 87' lang='lat' dir='ltr'>meminere</span> <span class='ocrx_word' id='word_1_102' title='bbox 743 2018 812 2061; x_wconf 85' lang='lat' dir='ltr'>sues</span> <span class='ocrx_word' id='word_1_103' title='bbox 829 2002 944 2078; x_wconf 79' lang='lat' dir='ltr'>jactare</span> <span class='ocrx_word' id='word_1_104' title='bbox 958 1998 1115 2077; x_wconf 83' lang='lat' dir='ltr'>maniplos.</span> 
     </span>
    </p>
   </div>
   <div class='ocr_carea' id='block_1_3' title="bbox 397 2078 1352 2171">
    <p class='ocr_par' dir='ltr' id='par_1_16' title="bbox 397 2078 1352 2171">
     <span class='ocr_line' id='line_1_17' title="bbox 397 2078 1352 2171; baseline -0.002 -17"><span class='ocrx_word' id='word_1_105' title='bbox 397 2096 440 2154; x_wconf 87' lang='lat' dir='ltr'>At</span> <span class='ocrx_word' id='word_1_106' title='bbox 454 2094 581 2154; x_wconf 88' lang='lat' dir='ltr'>nebulae</span> <span class='ocrx_word' id='word_1_107' title='bbox 594 2094 689 2171; x_wconf 86' lang='lat' dir='ltr'>magis</span> <span class='ocrx_word' id='word_1_108' title='bbox 703 2094 764 2154; x_wconf 88' lang='lat' dir='ltr'>ima</span> <span class='ocrx_word' id='word_1_109' title='bbox 775 2103 883 2171; x_wconf 91' lang='lat' dir='ltr'>petunt</span> <span class='ocrx_word' id='word_1_110' title='bbox 897 2112 1065 2171; x_wconf 89' lang='lat' dir='ltr'>campoque</span> <span class='ocrx_word' id='word_1_111' title='bbox 1078 2092 1266 2169; x_wconf 73' lang='lat' dir='ltr'>recumbunt,</span> <span class='ocrx_word' id='word_1_112' title='bbox 1349 2078 1352 2083; x_wconf 42' lang='lat'>⁵</span> 
     </span>
    </p>
   </div>
   <div class='ocr_carea' id='block_1_4' title="bbox 264 2186 1297 4079">
    <p class='ocr_par' dir='ltr' id='par_1_17' title="bbox 399 2186 1143 2248">
     <span class='ocr_line' id='line_1_18' title="bbox 399 2186 1143 2248; baseline 0 -1"><span class='ocrx_word' id='word_1_113' title='bbox 399 2186 476 2247; x_wconf 90' lang='lat' dir='ltr'>Solis</span> <span class='ocrx_word' id='word_1_114' title='bbox 491 2198 521 2246; x_wconf 92' lang='lat' dir='ltr'>et</span> <span class='ocrx_word' id='word_1_115' title='bbox 536 2206 674 2247; x_wconf 87' lang='lat' dir='ltr'>occasum</span> <span class='ocrx_word' id='word_1_116' title='bbox 688 2206 812 2247; x_wconf 84' lang='lat' dir='ltr'>servans</span> <span class='ocrx_word' id='word_1_117' title='bbox 826 2187 865 2248; x_wconf 92' lang='lat' dir='ltr'>de</span> <span class='ocrx_word' id='word_1_118' title='bbox 879 2186 1010 2248; x_wconf 86' lang='lat' dir='ltr'>culmine</span> <span class='ocrx_word' id='word_1_119' title='bbox 1024 2203 1143 2247; x_wconf 86' lang='lat' dir='ltr'>summo</span> 
     </span>
    </p>

    <p class='ocr_par' dir='ltr' id='par_1_18' title="bbox 399 2280 1091 2356">
     <span class='ocr_line' id='line_1_19' title="bbox 399 2280 1091 2356; baseline 0 -16"><span class='ocrx_word' id='word_1_120' title='bbox 399 2280 612 2356; x_wconf 88' lang='lat' dir='ltr'>Nequidquam</span> <span class='ocrx_word' id='word_1_121' title='bbox 625 2298 707 2340; x_wconf 83' lang='lat' dir='ltr'>seros</span> <span class='ocrx_word' id='word_1_122' title='bbox 721 2290 840 2340; x_wconf 86' lang='lat' dir='ltr'>exercet</span> <span class='ocrx_word' id='word_1_123' title='bbox 853 2290 964 2340; x_wconf 88' lang='lat' dir='ltr'>noctua</span> <span class='ocrx_word' id='word_1_124' title='bbox 976 2289 1091 2340; x_wconf 74' lang='lat' dir='ltr'>cantus.</span> 
     </span>
    </p>

    <p class='ocr_par' dir='ltr' id='par_1_19' title="bbox 398 2372 1056 2450">
     <span class='ocr_line' id='line_1_20' title="bbox 398 2372 1056 2450; baseline 0.003 -19"><span class='ocrx_word' id='word_1_125' title='bbox 398 2375 533 2450; x_wconf 86' lang='lat' dir='ltr'>Apparet</span> <span class='ocrx_word' id='word_1_126' title='bbox 546 2373 661 2450; x_wconf 92' lang='lat' dir='ltr'>liquido</span> <span class='ocrx_word' id='word_1_127' title='bbox 674 2372 811 2433; x_wconf 84' lang='lat' dir='ltr'>sublimis</span> <span class='ocrx_word' id='word_1_128' title='bbox 824 2374 856 2432; x_wconf 90' lang='lat' dir='ltr'>in</span> <span class='ocrx_word' id='word_1_129' title='bbox 870 2375 939 2434; x_wconf 84' lang='lat' dir='ltr'>a&#39;e‘re</span> <span class='ocrx_word' id='word_1_130' title='bbox 954 2373 1056 2447; x_wconf 81' lang='lat' dir='ltr'>Nisus,</span> 
     </span>
    </p>

    <p class='ocr_par' dir='ltr' id='par_1_20' title="bbox 399 2465 1118 2545">
     <span class='ocr_line' id='line_1_21' title="bbox 399 2465 1118 2545; baseline 0.001 -20"><span class='ocrx_word' id='word_1_131' title='bbox 399 2468 438 2525; x_wconf 92' lang='lat' dir='ltr'>Et</span> <span class='ocrx_word' id='word_1_132' title='bbox 451 2485 505 2543; x_wconf 92' lang='lat' dir='ltr'>pro</span> <span class='ocrx_word' id='word_1_133' title='bbox 519 2484 668 2544; x_wconf 88' lang='lat' dir='ltr'>purpureo</span> <span class='ocrx_word' id='word_1_134' title='bbox 681 2484 796 2544; x_wconf 81' lang='lat' dir='ltr'>poenus</span> <span class='ocrx_word' id='word_1_135' title='bbox 809 2466 863 2527; x_wconf 84' lang='lat' dir='ltr'>dat</span> <span class='ocrx_word' id='word_1_136' title='bbox 875 2467 975 2545; x_wconf 87' lang='lat' dir='ltr'>Scylla</span> <span class='ocrx_word' id='word_1_137' title='bbox 987 2465 1118 2544; x_wconf 80' lang='lat' dir='ltr'>capill03</span> 
     </span>
    </p>

    <p class='ocr_par' dir='ltr' id='par_1_21' title="bbox 398 2559 1267 2638">
     <span class='ocr_line' id='line_1_22' title="bbox 398 2559 1267 2638; baseline 0.003 -21"><span class='ocrx_word' id='word_1_138' title='bbox 398 2559 596 2635; x_wconf 89' lang='lat' dir='ltr'>Quacumque</span> <span class='ocrx_word' id='word_1_139' title='bbox 609 2559 662 2619; x_wconf 87' lang='lat' dir='ltr'>illa</span> <span class='ocrx_word' id='word_1_140' title='bbox 675 2559 771 2619; x_wconf 89' lang='lat' dir='ltr'>levem</span> <span class='ocrx_word' id='word_1_141' title='bbox 785 2559 903 2638; x_wconf 82' lang='lat' dir='ltr'>fugiens</span> <span class='ocrx_word' id='word_1_142' title='bbox 917 2570 1000 2619; x_wconf 90' lang='lat' dir='ltr'>secat</span> <span class='ocrx_word' id='word_1_143' title='bbox 1013 2560 1135 2620; x_wconf 86' lang='lat' dir='ltr'>aethera</span> <span class='ocrx_word' id='word_1_144' title='bbox 1148 2559 1267 2637; x_wconf 86' lang='lat' dir='ltr'>pennis,</span> 
     </span>
    </p>

    <p class='ocr_par' dir='ltr' id='par_1_22' title="bbox 398 2652 1181 2731">
     <span class='ocr_line' id='line_1_23' title="bbox 398 2652 1181 2731; baseline 0.003 -20"><span class='ocrx_word' id='word_1_145' title='bbox 398 2653 478 2711; x_wconf 89' lang='lat' dir='ltr'>Ecce</span> <span class='ocrx_word' id='word_1_146' title='bbox 493 2652 639 2725; x_wconf 83' lang='lat' dir='ltr'>inimicus,</span> <span class='ocrx_word' id='word_1_147' title='bbox 653 2661 747 2725; x_wconf 81' lang='lat' dir='ltr'>atrox,</span> <span class='ocrx_word' id='word_1_148' title='bbox 761 2670 872 2731; x_wconf 87' lang='lat' dir='ltr'>magno</span> <span class='ocrx_word' id='word_1_149' title='bbox 885 2652 1012 2712; x_wconf 86' lang='lat' dir='ltr'>stridore</span> <span class='ocrx_word' id='word_1_150' title='bbox 1026 2671 1080 2729; x_wconf 87' lang='lat' dir='ltr'>per</span> <span class='ocrx_word' id='word_1_151' title='bbox 1093 2671 1181 2714; x_wconf 80' lang='lat' dir='ltr'>auras</span> 
     </span>
    </p>

    <p class='ocr_par' dir='ltr' id='par_1_23' title="bbox 398 2744 1162 2821">
     <span class='ocr_line' id='line_1_24' title="bbox 398 2744 1162 2821; baseline 0.001 -17"><span class='ocrx_word' id='word_1_152' title='bbox 398 2744 570 2821; x_wconf 86' lang='lat' dir='ltr'>Insequitur</span> <span class='ocrx_word' id='word_1_153' title='bbox 584 2744 695 2820; x_wconf 81' lang='lat' dir='ltr'>Nisus3</span> <span class='ocrx_word' id='word_1_154' title='bbox 715 2764 775 2821; x_wconf 89' lang='lat' dir='ltr'>qua</span> <span class='ocrx_word' id='word_1_155' title='bbox 787 2764 821 2805; x_wconf 87' lang='lat' dir='ltr'>se</span> <span class='ocrx_word' id='word_1_156' title='bbox 835 2746 892 2805; x_wconf 86' lang='lat' dir='ltr'>sert</span> <span class='ocrx_word' id='word_1_157' title='bbox 906 2745 999 2806; x_wconf 86' lang='lat' dir='ltr'>Nisus</span> <span class='ocrx_word' id='word_1_158' title='bbox 1013 2746 1053 2805; x_wconf 91' lang='lat' dir='ltr'>ad</span> <span class='ocrx_word' id='word_1_159' title='bbox 1066 2764 1162 2819; x_wconf 80' lang='lat' dir='ltr'>aures,</span> 
     </span>
    </p>

    <p class='ocr_par' dir='ltr' id='par_1_24' title="bbox 398 2836 1181 2915">
     <span class='ocr_line' id='line_1_25' title="bbox 398 2836 1181 2915; baseline 0.004 -20"><span class='ocrx_word' id='word_1_160' title='bbox 398 2837 455 2896; x_wconf 87' lang='lat' dir='ltr'>Illa</span> <span class='ocrx_word' id='word_1_161' title='bbox 469 2838 566 2897; x_wconf 84' lang='lat' dir='ltr'>levem</span> <span class='ocrx_word' id='word_1_162' title='bbox 580 2836 697 2915; x_wconf 81' lang='lat' dir='ltr'>lugiens</span> <span class='ocrx_word' id='word_1_163' title='bbox 710 2837 819 2914; x_wconf 83' lang='lat' dir='ltr'>raptim</span> <span class='ocrx_word' id='word_1_164' title='bbox 833 2848 916 2899; x_wconf 62' lang='grc' dir='ltr'>καὶ</span> <span class='ocrx_word' id='word_1_165' title='bbox 929 2838 1050 2898; x_wconf 88' lang='lat' dir='ltr'>aethera</span> <span class='ocrx_word' id='word_1_166' title='bbox 1063 2837 1181 2915; x_wconf 85' lang='lat' dir='ltr'>pennis.</span> 
     </span>
    </p>

    <p class='ocr_par' dir='ltr' id='par_1_25' title="bbox 397 2930 1128 3009">
     <span class='ocr_line' id='line_1_26' title="bbox 397 2930 1128 3009; baseline 0.004 -21"><span class='ocrx_word' id='word_1_167' title='bbox 397 2931 476 2988; x_wconf 90' lang='lat' dir='ltr'>Tum</span> <span class='ocrx_word' id='word_1_168' title='bbox 491 2930 619 3006; x_wconf 87' lang='lat' dir='ltr'>liquidas</span> <span class='ocrx_word' id='word_1_169' title='bbox 633 2930 714 2990; x_wconf 88' lang='lat' dir='ltr'>corvi</span> <span class='ocrx_word' id='word_1_170' title='bbox 726 2949 833 3007; x_wconf 88' lang='lat' dir='ltr'>presso</span> <span class='ocrx_word' id='word_1_171' title='bbox 846 2939 892 2991; x_wconf 83' lang='lat' dir='ltr'>ter</span> <span class='ocrx_word' id='word_1_172' title='bbox 904 2939 1022 3009; x_wconf 85' lang='lat' dir='ltr'>gutture</span> <span class='ocrx_word' id='word_1_173' title='bbox 1036 2949 1128 2991; x_wconf 81' lang='lat' dir='ltr'>voces</span> 
     </span>
    </p>

    <p class='ocr_par' dir='ltr' id='par_1_26' title="bbox 397 3022 1191 3101">
     <span class='ocr_line' id='line_1_27' title="bbox 397 3022 1191 3101; baseline 0.004 -19"><span class='ocrx_word' id='word_1_174' title='bbox 397 3023 461 3082; x_wconf 83' lang='lat' dir='ltr'>Aut</span> <span class='ocrx_word' id='word_1_175' title='bbox 475 3033 579 3098; x_wconf 89' lang='lat' dir='ltr'>quater</span> <span class='ocrx_word' id='word_1_176' title='bbox 593 3022 786 3100; x_wconf 84' lang='lat' dir='ltr'>ingeminant,</span> <span class='ocrx_word' id='word_1_177' title='bbox 802 3033 833 3083; x_wconf 92' lang='lat' dir='ltr'>et</span> <span class='ocrx_word' id='word_1_178' title='bbox 846 3042 938 3101; x_wconf 86' lang='lat' dir='ltr'>saepe</span> <span class='ocrx_word' id='word_1_179' title='bbox 951 3023 1101 3084; x_wconf 91' lang='lat' dir='ltr'>cubilibus</span> <span class='ocrx_word' id='word_1_180' title='bbox 1112 3023 1191 3097; x_wconf 17' lang='lat' dir='ltr'>relus,</span> 
     </span>
    </p>

    <p class='ocr_par' dir='ltr' id='par_1_27' title="bbox 399 3116 1120 3193">
     <span class='ocr_line' id='line_1_28' title="bbox 399 3116 1120 3193; baseline 0.001 -17"><span class='ocrx_word' id='word_1_181' title='bbox 399 3116 511 3177; x_wconf 91' lang='lat' dir='ltr'>Nescio</span> <span class='ocrx_word' id='word_1_182' title='bbox 527 3136 586 3193; x_wconf 92' lang='lat' dir='ltr'>qua</span> <span class='ocrx_word' id='word_1_183' title='bbox 598 3127 717 3193; x_wconf 88' lang='lat' dir='ltr'>praeter</span> <span class='ocrx_word' id='word_1_184' title='bbox 729 3116 852 3177; x_wconf 89' lang='lat' dir='ltr'>solitum</span> <span class='ocrx_word' id='word_1_185' title='bbox 865 3117 1026 3177; x_wconf 82' lang='lat' dir='ltr'>dulcedine</span> <span class='ocrx_word' id='word_1_186' title='bbox 1040 3116 1120 3191; x_wconf 81' lang='lat' dir='ltr'>laeti,</span> 
     </span>
    </p>

    <p class='ocr_par' dir='ltr' id='par_1_28' title="bbox 398 3210 1207 3289">
     <span class='ocr_line' id='line_1_29' title="bbox 398 3210 1207 3289; baseline 0.002 -19"><span class='ocrx_word' id='word_1_187' title='bbox 398 3213 484 3270; x_wconf 88' lang='lat' dir='ltr'>Inter</span> <span class='ocrx_word' id='word_1_188' title='bbox 498 3229 529 3270; x_wconf 89' lang='lat' dir='ltr'>se</span> <span class='ocrx_word' id='word_1_189' title='bbox 545 3210 575 3269; x_wconf 93' lang='lat' dir='ltr'>in</span> <span class='ocrx_word' id='word_1_190' title='bbox 589 3210 668 3269; x_wconf 86' lang='lat' dir='ltr'>foliis</span> <span class='ocrx_word' id='word_1_191' title='bbox 683 3210 859 3287; x_wconf 82' lang='lat' dir='ltr'>strepitant3</span> <span class='ocrx_word' id='word_1_192' title='bbox 875 3211 961 3289; x_wconf 83' lang='lat' dir='ltr'>juvat</span> <span class='ocrx_word' id='word_1_193' title='bbox 973 3211 1119 3271; x_wconf 87' lang='lat' dir='ltr'>imbribus</span> <span class='ocrx_word' id='word_1_194' title='bbox 1132 3211 1207 3272; x_wconf 79' lang='lat' dir='ltr'>sctis</span> 
     </span>
    </p>

    <p class='ocr_par' dir='ltr' id='par_1_29' title="bbox 398 3302 1155 3380">
     <span class='ocr_line' id='line_1_30' title="bbox 398 3302 1155 3380; baseline 0 -17"><span class='ocrx_word' id='word_1_195' title='bbox 398 3304 575 3380; x_wconf 87' lang='lat' dir='ltr'>Progeniem</span> <span class='ocrx_word' id='word_1_196' title='bbox 589 3322 710 3380; x_wconf 86' lang='lat' dir='ltr'>parvam</span> <span class='ocrx_word' id='word_1_197' title='bbox 725 3303 888 3380; x_wconf 84' lang='lat' dir='ltr'>dulcesque</span> <span class='ocrx_word' id='word_1_198' title='bbox 901 3302 1030 3363; x_wconf 86' lang='lat' dir='ltr'>revisere</span> <span class='ocrx_word' id='word_1_199' title='bbox 1045 3302 1155 3379; x_wconf 85' lang='lat' dir='ltr'>nidos;</span> 
     </span>
    </p>

    <p class='ocr_par' dir='ltr' id='par_1_30' title="bbox 399 3395 1137 3473">
     <span class='ocr_line' id='line_1_31' title="bbox 399 3395 1137 3473; baseline 0.001 -17"><span class='ocrx_word' id='word_1_200' title='bbox 399 3396 502 3469; x_wconf 88' lang='lat' dir='ltr'>Haud,</span> <span class='ocrx_word' id='word_1_201' title='bbox 517 3395 657 3473; x_wconf 88' lang='lat' dir='ltr'>equidem</span> <span class='ocrx_word' id='word_1_202' title='bbox 671 3396 769 3469; x_wconf 85' lang='lat' dir='ltr'>cred0,</span> <span class='ocrx_word' id='word_1_203' title='bbox 785 3395 856 3473; x_wconf 90' lang='lat' dir='ltr'>quia</span> <span class='ocrx_word' id='word_1_204' title='bbox 869 3396 908 3457; x_wconf 89' lang='lat' dir='ltr'>sit</span> <span class='ocrx_word' id='word_1_205' title='bbox 922 3395 1064 3456; x_wconf 89' lang='lat' dir='ltr'>divinitus</span> <span class='ocrx_word' id='word_1_206' title='bbox 1077 3395 1137 3457; x_wconf 86' lang='lat' dir='ltr'>illis</span> 
     </span>
    </p>

    <p class='ocr_par' dir='ltr' id='par_1_31' title="bbox 385 3488 1111 3567">
     <span class='ocr_line' id='line_1_32' title="bbox 385 3488 1111 3567; baseline 0.001 -19"><span class='ocrx_word' id='word_1_207' title='bbox 385 3489 558 3567; x_wconf 73' lang='lat' dir='ltr'>ingenium</span> <span class='ocrx_word' id='word_1_208' title='bbox 572 3497 624 3548; x_wconf 91' lang='lat' dir='ltr'>aut</span> <span class='ocrx_word' id='word_1_209' title='bbox 636 3507 735 3549; x_wconf 91' lang='lat' dir='ltr'>rerum</span> <span class='ocrx_word' id='word_1_210' title='bbox 748 3490 809 3549; x_wconf 82' lang='lat' dir='ltr'>sato</span> <span class='ocrx_word' id='word_1_211' title='bbox 823 3488 1111 3566; x_wconf 77' lang='lat' dir='ltr'>prudentiamaj013</span> 
     </span>
    </p>

    <p class='ocr_par' dir='ltr' id='par_1_32' title="bbox 397 3581 1154 3659">
     <span class='ocr_line' id='line_1_33' title="bbox 397 3581 1154 3659; baseline 0.003 -20"><span class='ocrx_word' id='word_1_212' title='bbox 397 3582 519 3656; x_wconf 89' lang='lat' dir='ltr'>Verum,</span> <span class='ocrx_word' id='word_1_213' title='bbox 535 3581 586 3641; x_wconf 92' lang='lat' dir='ltr'>ubi</span> <span class='ocrx_word' id='word_1_214' title='bbox 601 3591 764 3659; x_wconf 85' lang='lat' dir='ltr'>tempestas</span> <span class='ocrx_word' id='word_1_215' title='bbox 777 3591 809 3641; x_wconf 92' lang='lat' dir='ltr'>et</span> <span class='ocrx_word' id='word_1_216' title='bbox 821 3581 900 3642; x_wconf 90' lang='lat' dir='ltr'>ooeli</span> <span class='ocrx_word' id='word_1_217' title='bbox 913 3581 1033 3641; x_wconf 88' lang='lat' dir='ltr'>mobilis</span> <span class='ocrx_word' id='word_1_218' title='bbox 1046 3582 1154 3641; x_wconf 90' lang='lat' dir='ltr'>humor</span> 
     </span>
    </p>

    <p class='ocr_par' dir='ltr' id='par_1_33' title="bbox 399 3673 1071 3752">
     <span class='ocr_line' id='line_1_34' title="bbox 399 3673 1071 3752; baseline 0.003 -19"><span class='ocrx_word' id='word_1_219' title='bbox 399 3676 555 3734; x_wconf 90' lang='lat' dir='ltr'>Mutavere</span> <span class='ocrx_word' id='word_1_220' title='bbox 570 3674 633 3734; x_wconf 85' lang='lat' dir='ltr'>vias</span> <span class='ocrx_word' id='word_1_221' title='bbox 647 3684 677 3733; x_wconf 90' lang='lat' dir='ltr'>et</span> <span class='ocrx_word' id='word_1_222' title='bbox 690 3674 828 3752; x_wconf 83' lang='lat' dir='ltr'>Juppiter</span> <span class='ocrx_word' id='word_1_223' title='bbox 841 3673 949 3734; x_wconf 88' lang='lat' dir='ltr'>uvidus</span> <span class='ocrx_word' id='word_1_224' title='bbox 963 3673 1071 3735; x_wconf 80' lang='lat' dir='ltr'>austrie</span> 
     </span>
    </p>

    <p class='ocr_par' dir='ltr' id='par_1_34' title="bbox 398 3765 1297 3845">
     <span class='ocr_line' id='line_1_35' title="bbox 398 3765 1297 3845; baseline 0.003 -20"><span class='ocrx_word' id='word_1_225' title='bbox 398 3767 524 3840; x_wconf 89' lang='lat' dir='ltr'>Denset‚</span> <span class='ocrx_word' id='word_1_226' title='bbox 540 3775 625 3827; x_wconf 84' lang='lat' dir='ltr'>erant</span> <span class='ocrx_word' id='word_1_227' title='bbox 638 3785 716 3844; x_wconf 89' lang='lat' dir='ltr'>quae</span> <span class='ocrx_word' id='word_1_228' title='bbox 729 3785 795 3827; x_wconf 86' lang='lat' dir='ltr'>rara</span> <span class='ocrx_word' id='word_1_229' title='bbox 807 3767 907 3841; x_wconf 89' lang='lat' dir='ltr'>modo,</span> <span class='ocrx_word' id='word_1_230' title='bbox 923 3775 953 3828; x_wconf 90' lang='lat' dir='ltr'>et</span> <span class='ocrx_word' id='word_1_231' title='bbox 967 3786 1044 3845; x_wconf 87' lang='lat' dir='ltr'>qnae</span> <span class='ocrx_word' id='word_1_232' title='bbox 1057 3766 1162 3841; x_wconf 79' lang='lat' dir='ltr'>dense,</span> <span class='ocrx_word' id='word_1_233' title='bbox 1176 3765 1297 3839; x_wconf 75' lang='lat' dir='ltr'>relaxat,</span> 
     </span>
    </p>

    <p class='ocr_par' dir='ltr' id='par_1_35' title="bbox 264 3860 1173 4079">
     <span class='ocr_line' id='line_1_36' title="bbox 264 3860 1173 3938; baseline 0.002 -20"><span class='ocrx_word' id='word_1_234' title='bbox 264 3906 266 3910; x_wconf 54' lang='grc'>,</span> <span class='ocrx_word' id='word_1_235' title='bbox 398 3860 561 3919; x_wconf 83' lang='lat' dir='ltr'>Verruntur</span> <span class='ocrx_word' id='word_1_236' title='bbox 574 3860 691 3937; x_wconf 88' lang='lat' dir='ltr'>species</span> <span class='ocrx_word' id='word_1_237' title='bbox 703 3860 878 3935; x_wconf 78' lang='lat' dir='ltr'>animumn,</span> <span class='ocrx_word' id='word_1_238' title='bbox 894 3870 926 3923; x_wconf 89' lang='lat' dir='ltr'>et</span> <span class='ocrx_word' id='word_1_239' title='bbox 938 3871 1061 3938; x_wconf 87' lang='lat' dir='ltr'>pectora</span> <span class='ocrx_word' id='word_1_240' title='bbox 1073 3869 1173 3921; x_wconf 86' lang='lat' dir='ltr'>motus</span> 
     </span>
     <span class='ocr_line' id='line_1_37' title="bbox 398 3951 1148 4079; baseline 0.011 -67"><span class='ocrx_word' id='word_1_241' title='bbox 398 3953 489 4013; x_wconf 91' lang='lat' dir='ltr'>Nunc</span> <span class='ocrx_word' id='word_1_242' title='bbox 503 3952 587 4028; x_wconf 80' lang='lat' dir='ltr'>alios,</span> <span class='ocrx_word' id='word_1_243' title='bbox 604 3951 688 4027; x_wconf 91' lang='lat' dir='ltr'>alios,</span> <span class='ocrx_word' id='word_1_244' title='bbox 700 3952 776 4014; x_wconf 87' lang='lat' dir='ltr'>dum</span> <span class='ocrx_word' id='word_1_245' title='bbox 790 3952 895 4079; x_wconf 42' lang='lat' dir='ltr'>nubili}</span> <span class='ocrx_word' id='word_1_246' title='bbox 905 3962 1015 4015; x_wconf 81' lang='lat' dir='ltr'>ventus</span> <span class='ocrx_word' id='word_1_247' title='bbox 1026 3952 1148 4033; x_wconf 70' lang='lat' dir='ltr'>agebat.</span> 
     </span>
    </p>
   </div>
   <div class='ocr_carea' id='block_1_5' title="bbox 1340 3881 1436 3944">
    <p class='ocr_par' dir='ltr' id='par_1_36' title="bbox 1340 3881 1436 3944">
     <span class='ocr_line' id='line_1_38' title="bbox 1340 3881 1436 3944; baseline 0 0"><span class='ocrx_word' id='word_1_248' title='bbox 1340 3881 1379 3921; x_wconf 66' lang='lat'>⁴„</span> <span class='ocrx_word' id='word_1_249' title='bbox 1433 3939 1436 3944; x_wconf 97' lang='lat'>.</span> 
     </span>
    </p>
   </div>
   <div class='ocr_carea' id='block_1_6' title="bbox 0 0 1780 4859">
    <p class='ocr_par' dir='ltr' id='par_1_37' title="bbox 0 0 1780 4859">
     <span class='ocr_line' id='line_1_39' title="bbox 0 0 1780 4859; baseline 0 0"><span class='ocrx_word' id='word_1_250' title='bbox 0 0 1780 4859; x_wconf 95' lang='lat' dir='ltr'> </span> 
     </span>
    </p>
   </div>
  </div>
 </body>
</html>
