<?xml version="1.0" encoding="UTF-8"?>
<!DOCTYPE html PUBLIC "-//W3C//DTD XHTML 1.0 Transitional//EN"
    "http://www.w3.org/TR/xhtml1/DTD/xhtml1-transitional.dtd">
<html xmlns="http://www.w3.org/1999/xhtml" xml:lang="en" lang="en">
 <head>
  <title>
</title>
<meta http-equiv="Content-Type" content="text/html;charset=utf-8" />
  <meta name='ocr-system' content='tesseract 3.04.00' />
  <meta name='ocr-capabilities' content='ocr_page ocr_carea ocr_par ocr_line ocrx_word'/>
</head>
<body>
  <div class='ocr_page' id='page_1' title='image "./selectionsfromo00rolfgoog_0113.png"; bbox 0 0 3550 4859; ppageno 0'>
   <div class='ocr_carea' id='block_1_1' title="bbox 658 572 975 617">
    <p class='ocr_par' dir='ltr' id='par_1_1' title="bbox 658 572 975 617">
     <span class='ocr_line' id='line_1_1' title="bbox 658 572 975 617; baseline 0 0"><span class='ocrx_word' id='word_1_1' title='bbox 658 572 841 617; x_wconf 76' lang='lat' dir='ltr'>GEORGICON</span> <span class='ocrx_word' id='word_1_2' title='bbox 863 574 923 617; x_wconf 74' lang='lat' dir='ltr'><strong>uls.</strong></span> <span class='ocrx_word' id='word_1_3' title='bbox 942 574 975 617; x_wconf 84' lang='lat'><strong>11.</strong></span> 
     </span>
    </p>
   </div>
   <div class='ocr_carea' id='block_1_2' title="bbox 329 718 1311 2661">
    <p class='ocr_par' dir='ltr' id='par_1_2' title="bbox 330 718 995 802">
     <span class='ocr_line' id='line_1_2' title="bbox 330 718 995 802; baseline -0.005 -19"><span class='ocrx_word' id='word_1_4' title='bbox 330 721 481 802; x_wconf 75' lang='lat' dir='ltr'>Agricola,</span> <span class='ocrx_word' id='word_1_5' title='bbox 497 718 618 780; x_wconf 90' lang='lat' dir='ltr'><strong>incurvo</strong></span> <span class='ocrx_word' id='word_1_6' title='bbox 632 729 739 780; x_wconf 87' lang='lat' dir='ltr'><strong>terram</strong></span> <span class='ocrx_word' id='word_1_7' title='bbox 754 720 875 781; x_wconf 92' lang='lat' dir='ltr'><strong>molitus</strong></span> <span class='ocrx_word' id='word_1_8' title='bbox 888 731 995 796; x_wconf 87' lang='lat' dir='ltr'><strong>aratro,</strong></span> 
     </span>
    </p>

    <p class='ocr_par' dir='ltr' id='par_1_3' title="bbox 329 801 966 891">
     <span class='ocr_line' id='line_1_3' title="bbox 329 801 966 891; baseline -0.008 -14"><span class='ocrx_word' id='word_1_9' title='bbox 329 818 431 876; x_wconf 85' lang='lat' dir='ltr'><strong>Exesa</strong></span> <span class='ocrx_word' id='word_1_10' title='bbox 444 812 579 874; x_wconf 86' lang='lat' dir='ltr'><strong>inveniet¹</strong></span> <span class='ocrx_word' id='word_1_11' title='bbox 590 812 696 873; x_wconf 89' lang='lat' dir='ltr'><strong>scabra</strong></span> <span class='ocrx_word' id='word_1_12' title='bbox 708 812 843 890; x_wconf 84' lang='lat' dir='ltr'><strong>robigine</strong></span> <span class='ocrx_word' id='word_1_13' title='bbox 856 813 926 891; x_wconf 85' lang='lat' dir='ltr'><strong>pila,</strong></span> <span class='ocrx_word' id='word_1_14' title='bbox 963 801 966 807; x_wconf 70' lang='grc'><strong>’</strong></span> 
     </span>
    </p>

    <p class='ocr_par' dir='ltr' id='par_1_4' title="bbox 330 905 1046 986">
     <span class='ocr_line' id='line_1_4' title="bbox 330 905 1046 986; baseline -0.003 -19"><span class='ocrx_word' id='word_1_15' title='bbox 330 910 396 970; x_wconf 88' lang='lat' dir='ltr'><strong>Aut</strong></span> <span class='ocrx_word' id='word_1_16' title='bbox 408 906 547 986; x_wconf 86' lang='lat' dir='ltr'><strong>gravibus</strong></span> <span class='ocrx_word' id='word_1_17' title='bbox 561 905 662 966; x_wconf 82' lang='lat' dir='ltr'><strong>rastris</strong></span> <span class='ocrx_word' id='word_1_18' title='bbox 676 907 776 982; x_wconf 84' lang='lat' dir='ltr'>galeas</span> <span class='ocrx_word' id='word_1_19' title='bbox 791 906 920 983; x_wconf 87' lang='lat' dir='ltr'>pulsabit</span> <span class='ocrx_word' id='word_1_20' title='bbox 934 906 1046 980; x_wconf 88' lang='lat' dir='ltr'><strong>inanes,</strong></span> 
     </span>
    </p>

    <p class='ocr_par' dir='ltr' id='par_1_5' title="bbox 329 996 1091 1078">
     <span class='ocr_line' id='line_1_5' title="bbox 329 996 1091 1078; baseline -0.007 -16"><span class='ocrx_word' id='word_1_21' title='bbox 329 1001 524 1078; x_wconf 90' lang='lat' dir='ltr'><strong>Grandiaque</strong></span> <span class='ocrx_word' id='word_1_22' title='bbox 539 998 656 1060; x_wconf 87' lang='lat' dir='ltr'><strong>effossis</strong></span> <span class='ocrx_word' id='word_1_23' title='bbox 671 998 823 1058; x_wconf 90' lang='lat' dir='ltr'><strong>mirabitur</strong></span> <span class='ocrx_word' id='word_1_24' title='bbox 836 1017 906 1059; x_wconf 91' lang='lat' dir='ltr'><strong>ossa</strong></span> <span class='ocrx_word' id='word_1_25' title='bbox 920 996 1091 1076; x_wconf 88' lang='lat' dir='ltr'><strong>sepulchris.</strong></span> 
     </span>
    </p>

    <p class='ocr_par' dir='ltr' id='par_1_6' title="bbox 331 1092 1135 1172">
     <span class='ocr_line' id='line_1_6' title="bbox 331 1092 1135 1172; baseline -0.005 -19"><span class='ocrx_word' id='word_1_26' title='bbox 331 1094 376 1153; x_wconf 93' lang='lat' dir='ltr'><strong>Di</strong></span> <span class='ocrx_word' id='word_1_27' title='bbox 389 1093 483 1172; x_wconf 88' lang='lat' dir='ltr'><strong>patrii,</strong></span> <span class='ocrx_word' id='word_1_28' title='bbox 499 1092 660 1170; x_wconf 84' lang='lat' dir='ltr'>Indigetes,</span> <span class='ocrx_word' id='word_1_29' title='bbox 677 1102 707 1151; x_wconf 92' lang='lat' dir='ltr'><strong>et</strong></span> <span class='ocrx_word' id='word_1_30' title='bbox 722 1093 851 1151; x_wconf 88' lang='lat' dir='ltr'><strong>Romule</strong></span> <span class='ocrx_word' id='word_1_31' title='bbox 864 1094 1018 1168; x_wconf 87' lang='lat' dir='ltr'><strong>Vestaque</strong></span> <span class='ocrx_word' id='word_1_32' title='bbox 1032 1101 1135 1164; x_wconf 89' lang='lat' dir='ltr'><strong>mater,</strong></span> 
     </span>
    </p>

    <p class='ocr_par' dir='ltr' id='par_1_7' title="bbox 331 1183 1311 1541">
     <span class='ocr_line' id='line_1_7' title="bbox 331 1183 1308 1265; baseline -0.005 -18"><span class='ocrx_word' id='word_1_33' title='bbox 331 1188 421 1263; x_wconf 86' lang='lat' dir='ltr'><strong>Quae</strong></span> <span class='ocrx_word' id='word_1_34' title='bbox 435 1189 568 1247; x_wconf 89' lang='lat' dir='ltr'>Tuscum</span> <span class='ocrx_word' id='word_1_35' title='bbox 582 1183 715 1245; x_wconf 90' lang='lat' dir='ltr'><strong>Tiberim</strong></span> <span class='ocrx_word' id='word_1_36' title='bbox 730 1195 759 1244; x_wconf 91' lang='lat' dir='ltr'><strong>et</strong></span> <span class='ocrx_word' id='word_1_37' title='bbox 775 1186 913 1244; x_wconf 91' lang='lat' dir='ltr'><strong>Romana</strong></span> <span class='ocrx_word' id='word_1_38' title='bbox 928 1184 1041 1244; x_wconf 86' lang='lat' dir='ltr'><strong>Palatia</strong></span> <span class='ocrx_word' id='word_1_39' title='bbox 1056 1203 1161 1256; x_wconf 91' lang='lat' dir='ltr'><strong>servas,</strong></span> <span class='ocrx_word' id='word_1_40' title='bbox 1304 1259 1308 1265; x_wconf 23' lang='grc'>,</span> 
     </span>
     <span class='ocr_line' id='line_1_8' title="bbox 333 1276 1311 1355; baseline -0.006 -16"><span class='ocrx_word' id='word_1_41' title='bbox 333 1282 429 1340; x_wconf 91' lang='lat' dir='ltr'><strong>Hunc</strong></span> <span class='ocrx_word' id='word_1_42' title='bbox 444 1282 548 1340; x_wconf 90' lang='lat' dir='ltr'><strong>saltem</strong></span> <span class='ocrx_word' id='word_1_43' title='bbox 562 1298 664 1340; x_wconf 92' lang='lat' dir='ltr'><strong>everso</strong></span> <span class='ocrx_word' id='word_1_44' title='bbox 676 1280 816 1355; x_wconf 87' lang='lat' dir='ltr'><strong>juvenem</strong></span> <span class='ocrx_word' id='word_1_45' title='bbox 832 1297 999 1336; x_wconf 89' lang='lat' dir='ltr'><strong>succurrere</strong></span> <span class='ocrx_word' id='word_1_46' title='bbox 1014 1276 1115 1336; x_wconf 91' lang='lat' dir='ltr'><strong>saeclo</strong></span> <span class='ocrx_word' id='word_1_47' title='bbox 1275 1304 1311 1341; x_wconf 75' lang='lat'><strong>500</strong></span> 
     </span>
     <span class='ocr_line' id='line_1_9' title="bbox 332 1369 1168 1452; baseline -0.006 -19"><span class='ocrx_word' id='word_1_48' title='bbox 332 1375 384 1434; x_wconf 91' lang='lat' dir='ltr'><strong>Ne</strong></span> <span class='ocrx_word' id='word_1_49' title='bbox 398 1373 571 1452; x_wconf 88' lang='lat' dir='ltr'><strong>prohibete!</strong></span> <span class='ocrx_word' id='word_1_50' title='bbox 612 1373 690 1433; x_wconf 87' lang='lat' dir='ltr'><strong>Satis</strong></span> <span class='ocrx_word' id='word_1_51' title='bbox 702 1373 765 1448; x_wconf 89' lang='lat' dir='ltr'><strong>jam</strong></span> <span class='ocrx_word' id='word_1_52' title='bbox 779 1370 895 1447; x_wconf 89' lang='lat' dir='ltr'><strong>pridem</strong></span> <span class='ocrx_word' id='word_1_53' title='bbox 909 1369 1051 1446; x_wconf 85' lang='lat' dir='ltr'><strong>sanguine</strong></span> <span class='ocrx_word' id='word_1_54' title='bbox 1066 1380 1168 1428; x_wconf 90' lang='lat' dir='ltr'><strong>nostro</strong></span> 
     </span>
     <span class='ocr_line' id='line_1_10' title="bbox 332 1462 982 1541; baseline -0.009 -14"><span class='ocrx_word' id='word_1_55' title='bbox 332 1466 577 1527; x_wconf 86' lang='lat' dir='ltr'><strong>Laomedonteae</strong></span> <span class='ocrx_word' id='word_1_56' title='bbox 592 1464 699 1525; x_wconf 90' lang='lat' dir='ltr'><strong>luimus</strong></span> <span class='ocrx_word' id='word_1_57' title='bbox 713 1462 841 1541; x_wconf 89' lang='lat' dir='ltr'><strong>perjuria</strong></span> <span class='ocrx_word' id='word_1_58' title='bbox 854 1463 963 1538; x_wconf 87' lang='lat' dir='ltr'><strong>Trojae</strong></span> <span class='ocrx_word' id='word_1_59' title='bbox 975 1484 982 1535; x_wconf 85' lang='lat'>3</span> 
     </span>
    </p>

    <p class='ocr_par' dir='ltr' id='par_1_8' title="bbox 331 1555 1008 1637">
     <span class='ocr_line' id='line_1_11' title="bbox 331 1555 1008 1637; baseline -0.009 -18"><span class='ocrx_word' id='word_1_60' title='bbox 331 1561 403 1636; x_wconf 92' lang='lat' dir='ltr'><strong>Jam</strong></span> <span class='ocrx_word' id='word_1_61' title='bbox 417 1558 533 1637; x_wconf 88' lang='lat' dir='ltr'><strong>pridem</strong></span> <span class='ocrx_word' id='word_1_62' title='bbox 547 1557 635 1618; x_wconf 90' lang='lat' dir='ltr'><strong>nobis</strong></span> <span class='ocrx_word' id='word_1_63' title='bbox 649 1558 725 1618; x_wconf 91' lang='lat' dir='ltr'><strong>coeli</strong></span> <span class='ocrx_word' id='word_1_64' title='bbox 740 1569 769 1617; x_wconf 91' lang='lat' dir='ltr'><strong>te</strong></span> <span class='ocrx_word' id='word_1_65' title='bbox 783 1555 872 1635; x_wconf 88' lang='lat' dir='ltr'><strong>regia,</strong></span> <span class='ocrx_word' id='word_1_66' title='bbox 889 1557 1008 1628; x_wconf 87' lang='lat' dir='ltr'><strong>Caesar,</strong></span> 
     </span>
    </p>

    <p class='ocr_par' dir='ltr' id='par_1_9' title="bbox 332 1646 1310 1910">
     <span class='ocr_line' id='line_1_12' title="bbox 334 1646 1194 1730; baseline -0.005 -19"><span class='ocrx_word' id='word_1_67' title='bbox 334 1652 464 1727; x_wconf 84' lang='lat' dir='ltr'><strong>Invidet,</strong></span> <span class='ocrx_word' id='word_1_68' title='bbox 480 1663 570 1730; x_wconf 92' lang='lat' dir='ltr'><strong>atque</strong></span> <span class='ocrx_word' id='word_1_69' title='bbox 584 1650 738 1711; x_wconf 90' lang='lat' dir='ltr'><strong>hominum</strong></span> <span class='ocrx_word' id='word_1_70' title='bbox 753 1650 882 1726; x_wconf 90' lang='lat' dir='ltr'><strong>queritur</strong></span> <span class='ocrx_word' id='word_1_71' title='bbox 896 1667 996 1709; x_wconf 88' lang='lat' dir='ltr'><strong>curare</strong></span> <span class='ocrx_word' id='word_1_72' title='bbox 1011 1646 1194 1725; x_wconf 79' lang='lat' dir='ltr'><strong>triumphos3</strong></span> 
     </span>
     <span class='ocr_line' id='line_1_13' title="bbox 333 1738 1310 1823; baseline -0.007 -19"><span class='ocrx_word' id='word_1_73' title='bbox 333 1744 457 1823; x_wconf 89' lang='lat' dir='ltr'><strong>Quippe</strong></span> <span class='ocrx_word' id='word_1_74' title='bbox 468 1745 519 1805; x_wconf 92' lang='lat' dir='ltr'><strong>ubi</strong></span> <span class='ocrx_word' id='word_1_75' title='bbox 534 1745 577 1804; x_wconf 84' lang='lat' dir='ltr'><strong>las</strong></span> <span class='ocrx_word' id='word_1_76' title='bbox 586 1764 702 1804; x_wconf 90' lang='lat' dir='ltr'><strong>versum</strong></span> <span class='ocrx_word' id='word_1_77' title='bbox 717 1754 806 1821; x_wconf 90' lang='lat' dir='ltr'><strong>atque</strong></span> <span class='ocrx_word' id='word_1_78' title='bbox 817 1738 919 1803; x_wconf 85' lang='lat' dir='ltr'><strong>nefas:</strong></span> <span class='ocrx_word' id='word_1_79' title='bbox 939 1752 984 1802; x_wconf 92' lang='lat' dir='ltr'><strong>tot</strong></span> <span class='ocrx_word' id='word_1_80' title='bbox 994 1741 1073 1801; x_wconf 91' lang='lat' dir='ltr'><strong>bella</strong></span> <span class='ocrx_word' id='word_1_81' title='bbox 1083 1759 1137 1818; x_wconf 94' lang='lat' dir='ltr'><strong>per</strong></span> <span class='ocrx_word' id='word_1_82' title='bbox 1147 1741 1258 1814; x_wconf 89' lang='lat' dir='ltr'><strong>orbem,</strong></span> <span class='ocrx_word' id='word_1_83' title='bbox 1275 1770 1310 1809; x_wconf 73' lang='lat'><strong>505</strong></span> 
     </span>
     <span class='ocr_line' id='line_1_14' title="bbox 332 1836 1106 1910; baseline -0.005 -13"><span class='ocrx_word' id='word_1_84' title='bbox 332 1840 412 1897; x_wconf 89' lang='lat' dir='ltr'><strong>Tam</strong></span> <span class='ocrx_word' id='word_1_85' title='bbox 427 1837 537 1898; x_wconf 88' lang='lat' dir='ltr'><strong>multae</strong></span> <span class='ocrx_word' id='word_1_86' title='bbox 552 1838 697 1897; x_wconf 89' lang='lat' dir='ltr'><strong>scelerum</strong></span> <span class='ocrx_word' id='word_1_87' title='bbox 711 1836 822 1910; x_wconf 82' lang='lat' dir='ltr'><strong>sacies;</strong></span> <span class='ocrx_word' id='word_1_88' title='bbox 842 1855 904 1896; x_wconf 93' lang='lat' dir='ltr'><strong>non</strong></span> <span class='ocrx_word' id='word_1_89' title='bbox 918 1836 995 1894; x_wconf 94' lang='lat' dir='ltr'><strong>ullus</strong></span> <span class='ocrx_word' id='word_1_90' title='bbox 1010 1844 1106 1895; x_wconf 91' lang='lat' dir='ltr'><strong>aratro</strong></span> 
     </span>
    </p>

    <p class='ocr_par' dir='ltr' id='par_1_10' title="bbox 334 1928 1134 2008">
     <span class='ocr_line' id='line_1_15' title="bbox 334 1928 1134 2008; baseline -0.004 -18"><span class='ocrx_word' id='word_1_91' title='bbox 334 1930 454 2008; x_wconf 86' lang='lat' dir='ltr'><strong>Dignus</strong></span> <span class='ocrx_word' id='word_1_92' title='bbox 468 1930 584 2004; x_wconf 90' lang='lat' dir='ltr'><strong>hon0s;</strong></span> <span class='ocrx_word' id='word_1_93' title='bbox 606 1931 742 2007; x_wconf 90' lang='lat' dir='ltr'><strong>squalent</strong></span> <span class='ocrx_word' id='word_1_94' title='bbox 756 1929 893 1990; x_wconf 91' lang='lat' dir='ltr'><strong>abductis</strong></span> <span class='ocrx_word' id='word_1_95' title='bbox 907 1948 977 1989; x_wconf 89' lang='lat' dir='ltr'><strong>arva</strong></span> <span class='ocrx_word' id='word_1_96' title='bbox 990 1928 1114 2001; x_wconf 91' lang='lat' dir='ltr'><strong>colonis,</strong></span> <span class='ocrx_word' id='word_1_97' title='bbox 1131 1936 1134 1941; x_wconf 83' lang='lat'>&#39;</span> 
     </span>
    </p>

    <p class='ocr_par' dir='ltr' id='par_1_11' title="bbox 335 2022 1091 2100">
     <span class='ocr_line' id='line_1_16' title="bbox 335 2022 1091 2100; baseline -0.003 -17"><span class='ocrx_word' id='word_1_98' title='bbox 335 2027 375 2083; x_wconf 88' lang='lat' dir='ltr'><strong>Et</strong></span> <span class='ocrx_word' id='word_1_99' title='bbox 389 2042 496 2083; x_wconf 89' lang='lat' dir='ltr'><strong>curvae</strong></span> <span class='ocrx_word' id='word_1_100' title='bbox 510 2023 636 2100; x_wconf 86' lang='lat' dir='ltr'><strong>rigidum</strong></span> <span class='ocrx_word' id='word_1_101' title='bbox 651 2024 741 2083; x_wconf 83' lang='lat' dir='ltr'><strong>falces</strong></span> <span class='ocrx_word' id='word_1_102' title='bbox 755 2024 922 2083; x_wconf 84' lang='lat' dir='ltr'><strong>conflantur</strong></span> <span class='ocrx_word' id='word_1_103' title='bbox 936 2022 966 2082; x_wconf 91' lang='lat' dir='ltr'><strong>in</strong></span> <span class='ocrx_word' id='word_1_104' title='bbox 981 2042 1091 2082; x_wconf 89' lang='lat' dir='ltr'><strong>ensem.</strong></span> 
     </span>
    </p>

    <p class='ocr_par' dir='ltr' id='par_1_12' title="bbox 334 2116 1141 2194">
     <span class='ocr_line' id='line_1_17' title="bbox 334 2116 1141 2194; baseline -0.002 -18"><span class='ocrx_word' id='word_1_105' title='bbox 334 2116 420 2176; x_wconf 89' lang='lat' dir='ltr'><strong>Hinc</strong></span> <span class='ocrx_word' id='word_1_106' title='bbox 434 2128 535 2177; x_wconf 88' lang='lat' dir='ltr'><strong>movet</strong></span> <span class='ocrx_word' id='word_1_107' title='bbox 550 2117 724 2194; x_wconf 72' lang='lat' dir='ltr'><strong>Euphrates</strong></span> <span class='ocrx_word' id='word_1_108' title='bbox 740 2116 821 2176; x_wconf 90' lang='lat' dir='ltr'><strong>illinc</strong></span> <span class='ocrx_word' id='word_1_109' title='bbox 836 2116 997 2176; x_wconf 86' lang='lat' dir='ltr'><strong>Germania</strong></span> <span class='ocrx_word' id='word_1_110' title='bbox 1010 2117 1120 2175; x_wconf 91' lang='lat' dir='ltr'><strong>bellum</strong></span> <span class='ocrx_word' id='word_1_111' title='bbox 1132 2137 1141 2189; x_wconf 81' lang='lat'>3</span> 
     </span>
    </p>

    <p class='ocr_par' dir='ltr' id='par_1_13' title="bbox 331 2210 1311 2380">
     <span class='ocr_line' id='line_1_18' title="bbox 333 2210 1311 2287; baseline -0.005 -19"><span class='ocrx_word' id='word_1_112' title='bbox 333 2210 460 2270; x_wconf 88' lang='lat' dir='ltr'><strong>Vicinae</strong></span> <span class='ocrx_word' id='word_1_113' title='bbox 474 2210 568 2287; x_wconf 90' lang='lat' dir='ltr'><strong>ruptis</strong></span> <span class='ocrx_word' id='word_1_114' title='bbox 583 2210 659 2270; x_wconf 86' lang='lat' dir='ltr'><strong>inter</strong></span> <span class='ocrx_word' id='word_1_115' title='bbox 673 2230 704 2270; x_wconf 92' lang='lat' dir='ltr'><strong>se</strong></span> <span class='ocrx_word' id='word_1_116' title='bbox 719 2210 833 2287; x_wconf 87' lang='lat' dir='ltr'><strong>legibus</strong></span> <span class='ocrx_word' id='word_1_117' title='bbox 847 2212 936 2270; x_wconf 90' lang='lat' dir='ltr'><strong>urbes</strong></span> <span class='ocrx_word' id='word_1_118' title='bbox 1275 2235 1311 2274; x_wconf 68' lang='lat' dir='ltr'><strong>sm</strong></span> 
     </span>
     <span class='ocr_line' id='line_1_19' title="bbox 331 2302 1075 2380; baseline -0.003 -16"><span class='ocrx_word' id='word_1_119' title='bbox 331 2306 428 2364; x_wconf 88' lang='lat' dir='ltr'><strong>Arma</strong></span> <span class='ocrx_word' id='word_1_120' title='bbox 442 2304 556 2378; x_wconf 84' lang='lat' dir='ltr'><strong>lerunt;</strong></span> <span class='ocrx_word' id='word_1_121' title='bbox 577 2303 670 2364; x_wconf 90' lang='lat' dir='ltr'><strong>saevit</strong></span> <span class='ocrx_word' id='word_1_122' title='bbox 684 2314 749 2364; x_wconf 91' lang='lat' dir='ltr'><strong>toto</strong></span> <span class='ocrx_word' id='word_1_123' title='bbox 765 2305 847 2363; x_wconf 89' lang='lat' dir='ltr'><strong>Mars</strong></span> <span class='ocrx_word' id='word_1_124' title='bbox 861 2302 968 2380; x_wconf 89' lang='lat' dir='ltr'><strong>impius</strong></span> <span class='ocrx_word' id='word_1_125' title='bbox 983 2304 1075 2375; x_wconf 81' lang='lat' dir='ltr'><strong>orbe3</strong></span> 
     </span>
    </p>

    <p class='ocr_par' dir='ltr' id='par_1_14' title="bbox 332 2395 1076 2474">
     <span class='ocr_line' id='line_1_20' title="bbox 332 2395 1076 2474; baseline -0.003 -17"><span class='ocrx_word' id='word_1_126' title='bbox 332 2399 379 2457; x_wconf 91' lang='lat' dir='ltr'><strong>Ut</strong></span> <span class='ocrx_word' id='word_1_127' title='bbox 394 2416 486 2474; x_wconf 91' lang='lat' dir='ltr'><strong>quum</strong></span> <span class='ocrx_word' id='word_1_128' title='bbox 501 2396 668 2457; x_wconf 89' lang='lat' dir='ltr'><strong>carceribus</strong></span> <span class='ocrx_word' id='word_1_129' title='bbox 682 2416 748 2457; x_wconf 88' lang='lat' dir='ltr'><strong>sese</strong></span> <span class='ocrx_word' id='word_1_130' title='bbox 763 2396 892 2457; x_wconf 88' lang='lat' dir='ltr'><strong>effudere</strong></span> <span class='ocrx_word' id='word_1_131' title='bbox 908 2395 1076 2472; x_wconf 87' lang='lat' dir='ltr'><strong>quadrigae,</strong></span> 
     </span>
    </p>

    <p class='ocr_par' dir='ltr' id='par_1_15' title="bbox 329 2489 1106 2568">
     <span class='ocr_line' id='line_1_21' title="bbox 329 2489 1106 2568; baseline -0.003 -19"><span class='ocrx_word' id='word_1_132' title='bbox 329 2492 460 2552; x_wconf 85' lang='lat' dir='ltr'><strong>Addunt</strong></span> <span class='ocrx_word' id='word_1_133' title='bbox 474 2490 504 2550; x_wconf 92' lang='lat' dir='ltr'><strong>in</strong></span> <span class='ocrx_word' id='word_1_134' title='bbox 519 2491 624 2568; x_wconf 87' lang='lat' dir='ltr'><strong>spatia,</strong></span> <span class='ocrx_word' id='word_1_135' title='bbox 640 2500 670 2551; x_wconf 92' lang='lat' dir='ltr'><strong>et</strong></span> <span class='ocrx_word' id='word_1_136' title='bbox 683 2491 790 2550; x_wconf 80' lang='lat' dir='ltr'><strong>frustra</strong></span> <span class='ocrx_word' id='word_1_137' title='bbox 802 2489 966 2549; x_wconf 87' lang='lat' dir='ltr'><strong>retinacula</strong></span> <span class='ocrx_word' id='word_1_138' title='bbox 980 2489 1106 2548; x_wconf 91' lang='lat' dir='ltr'><strong>tendens</strong></span> 
     </span>
    </p>

    <p class='ocr_par' dir='ltr' id='par_1_16' title="bbox 330 2582 1144 2661">
     <span class='ocr_line' id='line_1_22' title="bbox 330 2582 1144 2661; baseline -0.004 -18"><span class='ocrx_word' id='word_1_139' title='bbox 330 2585 441 2644; x_wconf 92' lang='lat' dir='ltr'><strong>Fertur</strong></span> <span class='ocrx_word' id='word_1_140' title='bbox 453 2584 539 2661; x_wconf 90' lang='lat' dir='ltr'><strong>equis</strong></span> <span class='ocrx_word' id='word_1_141' title='bbox 553 2584 662 2661; x_wconf 85' lang='lat' dir='ltr'><strong>auriga,</strong></span> <span class='ocrx_word' id='word_1_142' title='bbox 677 2602 776 2661; x_wconf 90' lang='lat' dir='ltr'><strong>neque</strong></span> <span class='ocrx_word' id='word_1_143' title='bbox 790 2582 872 2644; x_wconf 90' lang='lat' dir='ltr'><strong>audit</strong></span> <span class='ocrx_word' id='word_1_144' title='bbox 886 2601 988 2642; x_wconf 91' lang='lat' dir='ltr'><strong>currus</strong></span> <span class='ocrx_word' id='word_1_145' title='bbox 1002 2582 1144 2642; x_wconf 91' lang='lat' dir='ltr'><strong>habenas.</strong></span> 
     </span>
    </p>
   </div>
   <div class='ocr_carea' id='block_1_3' title="bbox 708 2946 939 3005">
    <p class='ocr_par' dir='ltr' id='par_1_17' title="bbox 708 2946 939 3005">
     <span class='ocr_line' id='line_1_23' title="bbox 708 2946 939 3005; baseline 0 0"><span class='ocrx_word' id='word_1_146' title='bbox 708 2947 856 3005; x_wconf 91' lang='lat' dir='ltr'><strong>LIBER</strong></span> <span class='ocrx_word' id='word_1_147' title='bbox 886 2946 939 3005; x_wconf 94' lang='grc' dir='ltr'><strong>ΙΙ.</strong></span> 
     </span>
    </p>
   </div>
   <div class='ocr_carea' id='block_1_4' title="bbox 249 3143 1174 3968">
    <p class='ocr_par' dir='ltr' id='par_1_18' title="bbox 332 3143 1030 3217">
     <span class='ocr_line' id='line_1_24' title="bbox 332 3143 1030 3217; baseline -0.003 -12"><span class='ocrx_word' id='word_1_148' title='bbox 332 3147 513 3206; x_wconf 74' lang='lat' dir='ltr'><strong>anruuus</strong></span> <span class='ocrx_word' id='word_1_149' title='bbox 528 3163 662 3205; x_wconf 88' lang='lat' dir='ltr'><strong>arvorum</strong></span> <span class='ocrx_word' id='word_1_150' title='bbox 676 3145 773 3205; x_wconf 89' lang='lat' dir='ltr'><strong>cultus</strong></span> <span class='ocrx_word' id='word_1_151' title='bbox 787 3156 818 3206; x_wconf 89' lang='lat' dir='ltr'><strong>et</strong></span> <span class='ocrx_word' id='word_1_152' title='bbox 832 3144 931 3205; x_wconf 90' lang='lat' dir='ltr'><strong>sidera</strong></span> <span class='ocrx_word' id='word_1_153' title='bbox 944 3143 1030 3217; x_wconf 87' lang='lat' dir='ltr'><strong>coeli,</strong></span> 
     </span>
    </p>

    <p class='ocr_par' dir='ltr' id='par_1_19' title="bbox 331 3235 1174 3313">
     <span class='ocr_line' id='line_1_25' title="bbox 331 3235 1174 3313; baseline -0.005 -15"><span class='ocrx_word' id='word_1_154' title='bbox 331 3240 365 3298; x_wconf 92' lang='lat' dir='ltr'>N</span> <span class='ocrx_word' id='word_1_155' title='bbox 367 3258 424 3298; x_wconf 91' lang='lat' dir='ltr'><strong>unc</strong></span> <span class='ocrx_word' id='word_1_156' title='bbox 439 3250 478 3311; x_wconf 89' lang='lat' dir='ltr'><strong>te,</strong></span> <span class='ocrx_word' id='word_1_157' title='bbox 494 3238 620 3313; x_wconf 87' lang='lat' dir='ltr'><strong>Bacche,</strong></span> <span class='ocrx_word' id='word_1_158' title='bbox 636 3257 750 3311; x_wconf 87' lang='lat' dir='ltr'><strong>canam,</strong></span> <span class='ocrx_word' id='word_1_159' title='bbox 766 3257 899 3299; x_wconf 91' lang='lat' dir='ltr'><strong>necnon</strong></span> <span class='ocrx_word' id='word_1_160' title='bbox 914 3235 1061 3297; x_wconf 88' lang='lat' dir='ltr'><strong>silvestria</strong></span> <span class='ocrx_word' id='word_1_161' title='bbox 1075 3246 1174 3297; x_wconf 90' lang='lat' dir='ltr'><strong>tecum</strong></span> 
     </span>
    </p>

    <p class='ocr_par' dir='ltr' id='par_1_20' title="bbox 330 3330 1035 3409">
     <span class='ocr_line' id='line_1_26' title="bbox 330 3330 1035 3409; baseline 0 -20"><span class='ocrx_word' id='word_1_162' title='bbox 330 3330 471 3409; x_wconf 86' lang='lat' dir='ltr'><strong>Virgulta</strong></span> <span class='ocrx_word' id='word_1_163' title='bbox 484 3342 516 3392; x_wconf 90' lang='lat' dir='ltr'><strong>et</strong></span> <span class='ocrx_word' id='word_1_164' title='bbox 529 3332 642 3409; x_wconf 89' lang='lat' dir='ltr'><strong>prolem</strong></span> <span class='ocrx_word' id='word_1_165' title='bbox 658 3332 741 3392; x_wconf 90' lang='lat' dir='ltr'><strong>tarde</strong></span> <span class='ocrx_word' id='word_1_166' title='bbox 755 3331 917 3391; x_wconf 90' lang='lat' dir='ltr'><strong>crescentis</strong></span> <span class='ocrx_word' id='word_1_167' title='bbox 931 3331 1035 3391; x_wconf 89' lang='lat' dir='ltr'><strong>olivae.</strong></span> 
     </span>
    </p>

    <p class='ocr_par' dir='ltr' id='par_1_21' title="bbox 331 3424 1063 3503">
     <span class='ocr_line' id='line_1_27' title="bbox 331 3424 1063 3503; baseline -0.004 -17"><span class='ocrx_word' id='word_1_168' title='bbox 331 3427 416 3499; x_wconf 89' lang='lat' dir='ltr'><strong>Huc,</strong></span> <span class='ocrx_word' id='word_1_169' title='bbox 431 3436 550 3503; x_wconf 85' lang='lat' dir='ltr'><strong>patero</strong></span> <span class='ocrx_word' id='word_1_170' title='bbox 564 3427 702 3497; x_wconf 83' lang='lat' dir='ltr'><strong>Lenaee3</strong></span> <span class='ocrx_word' id='word_1_171' title='bbox 723 3424 780 3484; x_wconf 93' lang='lat' dir='ltr'><strong>tuis</strong></span> <span class='ocrx_word' id='word_1_172' title='bbox 795 3424 844 3484; x_wconf 94' lang='lat' dir='ltr'><strong>hic</strong></span> <span class='ocrx_word' id='word_1_173' title='bbox 858 3424 960 3484; x_wconf 89' lang='lat' dir='ltr'><strong>omnia</strong></span> <span class='ocrx_word' id='word_1_174' title='bbox 974 3425 1063 3501; x_wconf 90' lang='lat' dir='ltr'><strong>plena</strong></span> 
     </span>
    </p>

    <p class='ocr_par' dir='ltr' id='par_1_22' title="bbox 332 3517 1081 3595">
     <span class='ocr_line' id='line_1_28' title="bbox 332 3517 1081 3595; baseline -0.003 -18"><span class='ocrx_word' id='word_1_175' title='bbox 332 3518 522 3592; x_wconf 89' lang='lat' dir='ltr'><strong>Muneribus,</strong></span> <span class='ocrx_word' id='word_1_176' title='bbox 540 3518 595 3579; x_wconf 90' lang='lat' dir='ltr'><strong>tibi</strong></span> <span class='ocrx_word' id='word_1_177' title='bbox 609 3518 770 3595; x_wconf 88' lang='lat' dir='ltr'><strong>pampineo</strong></span> <span class='ocrx_word' id='word_1_178' title='bbox 784 3517 923 3595; x_wconf 88' lang='lat' dir='ltr'><strong>gravidus</strong></span> <span class='ocrx_word' id='word_1_179' title='bbox 937 3528 1081 3576; x_wconf 91' lang='lat' dir='ltr'><strong>autumno</strong></span> 
     </span>
    </p>

    <p class='ocr_par' dir='ltr' id='par_1_23' title="bbox 333 3609 1060 3689">
     <span class='ocr_line' id='line_1_29' title="bbox 333 3609 1060 3689; baseline -0.003 -19"><span class='ocrx_word' id='word_1_180' title='bbox 333 3612 435 3671; x_wconf 89' lang='lat' dir='ltr'><strong>Floret</strong></span> <span class='ocrx_word' id='word_1_181' title='bbox 449 3631 527 3689; x_wconf 86' lang='lat' dir='ltr'><strong>ager,</strong></span> <span class='ocrx_word' id='word_1_182' title='bbox 545 3622 663 3689; x_wconf 90' lang='lat' dir='ltr'><strong>spumat</strong></span> <span class='ocrx_word' id='word_1_183' title='bbox 678 3610 773 3688; x_wconf 92' lang='lat' dir='ltr'><strong>plenis</strong></span> <span class='ocrx_word' id='word_1_184' title='bbox 787 3609 938 3671; x_wconf 90' lang='lat' dir='ltr'><strong>vindemia</strong></span> <span class='ocrx_word' id='word_1_185' title='bbox 952 3609 1060 3683; x_wconf 81' lang='lat' dir='ltr'><strong>labris3</strong></span> 
     </span>
    </p>

    <p class='ocr_par' dir='ltr' id='par_1_24' title="bbox 249 3703 1085 3782">
     <span class='ocr_line' id='line_1_30' title="bbox 249 3703 1085 3782; baseline -0.001 -20"><span class='ocrx_word' id='word_1_186' title='bbox 249 3753 254 3762; x_wconf 92' lang='lat'>.</span> <span class='ocrx_word' id='word_1_187' title='bbox 333 3706 416 3778; x_wconf 87' lang='lat' dir='ltr'><strong>Huc,</strong></span> <span class='ocrx_word' id='word_1_188' title='bbox 431 3715 551 3782; x_wconf 89' lang='lat' dir='ltr'><strong>patero</strong></span> <span class='ocrx_word' id='word_1_189' title='bbox 565 3705 693 3777; x_wconf 85' lang='lat' dir='ltr'><strong>Lenaee,</strong></span> <span class='ocrx_word' id='word_1_190' title='bbox 708 3703 786 3776; x_wconf 89' lang='lat' dir='ltr'><strong>veni,</strong></span> <span class='ocrx_word' id='word_1_191' title='bbox 802 3704 973 3779; x_wconf 86' lang='lat' dir='ltr'><strong>nudataque</strong></span> <span class='ocrx_word' id='word_1_192' title='bbox 988 3712 1085 3763; x_wconf 88' lang='lat' dir='ltr'><strong>musto</strong></span> 
     </span>
    </p>

    <p class='ocr_par' dir='ltr' id='par_1_25' title="bbox 330 3794 1123 3968">
     <span class='ocr_line' id='line_1_31' title="bbox 330 3794 1095 3875; baseline -0.001 -20"><span class='ocrx_word' id='word_1_193' title='bbox 330 3796 451 3875; x_wconf 87' lang='lat' dir='ltr'><strong>Tingue</strong></span> <span class='ocrx_word' id='word_1_194' title='bbox 465 3816 546 3857; x_wconf 92' lang='lat' dir='ltr'><strong>novo</strong></span> <span class='ocrx_word' id='word_1_195' title='bbox 560 3816 678 3858; x_wconf 90' lang='lat' dir='ltr'><strong>mecum</strong></span> <span class='ocrx_word' id='word_1_196' title='bbox 694 3795 823 3873; x_wconf 88' lang='lat' dir='ltr'><strong>dereptis</strong></span> <span class='ocrx_word' id='word_1_197' title='bbox 837 3815 922 3856; x_wconf 89' lang='lat' dir='ltr'><strong>crura</strong></span> <span class='ocrx_word' id='word_1_198' title='bbox 935 3794 1095 3856; x_wconf 90' lang='lat' dir='ltr'><strong>cothurnis.</strong></span> 
     </span>
     <span class='ocr_line' id='line_1_32' title="bbox 373 3887 1123 3968; baseline -0.001 -19"><span class='ocrx_word' id='word_1_199' title='bbox 373 3889 526 3968; x_wconf 88' lang='lat' dir='ltr'><strong>Principio</strong></span> <span class='ocrx_word' id='word_1_200' title='bbox 541 3890 695 3951; x_wconf 90' lang='lat' dir='ltr'><strong>arboribus</strong></span> <span class='ocrx_word' id='word_1_201' title='bbox 708 3888 789 3950; x_wconf 87' lang='lat' dir='ltr'><strong>varia</strong></span> <span class='ocrx_word' id='word_1_202' title='bbox 803 3900 848 3950; x_wconf 91' lang='lat' dir='ltr'><strong>est</strong></span> <span class='ocrx_word' id='word_1_203' title='bbox 862 3898 967 3948; x_wconf 90' lang='lat' dir='ltr'><strong>natura</strong></span> <span class='ocrx_word' id='word_1_204' title='bbox 980 3887 1123 3949; x_wconf 86' lang='lat' dir='ltr'><strong>creandis</strong></span> 
     </span>
    </p>
   </div>
   <div class='ocr_carea' id='block_1_5' title="bbox 289 3980 1145 4128">
    <p class='ocr_par' dir='ltr' id='par_1_26' title="bbox 289 3980 1145 4128">
     <span class='ocr_line' id='line_1_33' title="bbox 289 3980 1145 4065; baseline 0 -24"><span class='ocrx_word' id='word_1_205' title='bbox 289 4021 300 4065; x_wconf 43' lang='grc' dir='ltr'><strong>ι,</strong></span> <span class='ocrx_word' id='word_1_206' title='bbox 331 3984 475 4062; x_wconf 89' lang='lat' dir='ltr'><strong>Namque</strong></span> <span class='ocrx_word' id='word_1_207' title='bbox 489 3983 574 4059; x_wconf 87' lang='lat' dir='ltr'><strong>aliae,</strong></span> <span class='ocrx_word' id='word_1_208' title='bbox 588 3982 679 4044; x_wconf 88' lang='lat' dir='ltr'><strong>nullis</strong></span> <span class='ocrx_word' id='word_1_209' title='bbox 693 3981 849 4044; x_wconf 89' lang='lat' dir='ltr'><strong>hominum</strong></span> <span class='ocrx_word' id='word_1_210' title='bbox 863 3981 1047 4061; x_wconf 79' lang='lat' dir='ltr'><strong>cogentibus,</strong></span> <span class='ocrx_word' id='word_1_211' title='bbox 1063 3980 1145 4060; x_wconf 87' lang='lat' dir='ltr'><strong>ipsae</strong></span> 
     </span>
     <span class='ocr_line' id='line_1_34' title="bbox 537 4090 549 4128; baseline 0 0"><span class='ocrx_word' id='word_1_212' title='bbox 537 4090 549 4128; x_wconf 83' lang='lat'><em>7</em></span> 
     </span>
    </p>
   </div>
   <div class='ocr_carea' id='block_1_6' title="bbox 0 0 1780 4859">
    <p class='ocr_par' dir='ltr' id='par_1_27' title="bbox 0 0 1780 4859">
     <span class='ocr_line' id='line_1_35' title="bbox 0 0 1780 4859; baseline 0 0"><span class='ocrx_word' id='word_1_213' title='bbox 0 0 1780 4859; x_wconf 95' lang='lat' dir='ltr'><strong> </strong></span> 
     </span>
    </p>
   </div>
  </div>
 </body>
</html>
