3550 4859
398 574 437 633 90
713 569 738 614 Ρ.
760 568 893 613 VIRGlLll
915 567 1058 612 MARONIS

399 716 461 777 Hic
474 727 576 776 vertex
588 714 677 776 nobis
692 734 809 793 semper
822 713 955 775 sublimis
965 734 975 789 ,·
994 724 1025 774 at
1038 712 1122 773 illmn

398 812 459 871 Sub
473 810 600 887 pedibus
614 811 686 886 Styx
700 820 762 869 atra
775 807 857 868 videt
872 809 1040 884 Manesque
1053 805 1200 883 profundi

399 904 549 962 Maximus
563 901 612 961 hic
626 901 705 961 flexu
720 901 841 962 sinuoso
856 900 981 961 elabitm
995 899 1109 977 Anguis

398 995 518 1057 Circum
532 1013 644 1071 perque
659 994 732 1054 duas
746 993 777 1053 in
791 1013 905 1054 morem
918 992 1050 1053 fluminis
1063 995 1180 1069 Arctos,
1338 1020 1374 1060 us

397 1091 504 1148 Arctos
519 1087 633 1149 Oceani
647 1098 813 1147 metuentes
827 1105 956 1163 aequore
970 1086 1072 1163 tingui.

398 1181 474 1255 Illic,
490 1190 523 1240 ut
536 1179 701 1257 perhibent,
717 1190 767 1240 aut
781 1179 959 1256 intempesta
973 1178 1039 1241 silet
1053 1198 1115 1240 nox

399 1276 530 1350 Semper,
546 1284 577 1332 et
592 1274 715 1334 obtenta
729 1273 890 1333 densantur
903 1283 992 1332 nocte
1007 1274 1157 1347 tenebrae,

397 1373 459 1430 Aut
473 1369 549 1430 redit
563 1368 682 1429 anobis
697 1372 814 1429 Aurora
827 1368 967 1445 diemque
981 1368 1103 1443 reducit,

398 1466 521 1540 Nosque
536 1462 587 1523 ubi
600 1462 712 1541 primus
727 1462 810 1539 equis
825 1461 932 1523 Oriens
947 1462 1057 1522 afflavit
1070 1460 1192 1535 anhelis,

398 1556 464 1616 Illic
480 1576 544 1616 sera
557 1558 666 1615 rubens
680 1555 815 1616 accendit
830 1555 942 1616 lumina
955 1558 1077 1633 Vesper.

397 1648 481 1709 Hinc
496 1660 686 1726 tempestates
700 1648 793 1709 dubio
806 1649 991 1726 praediscere
1005 1650 1092 1709 coelo

398 1744 567 1815 Possumus,
583 1739 653 1801 hinc
668 1741 834 1818 messisque
849 1743 930 1802 diem
944 1752 1121 1818 tempusque
1136 1741 1262 1816 serendi,

398 1837 437 1916 Et
451 1835 572 1911 quando
586 1833 711 1894 infidum
725 1834 813 1895 remis
827 1834 978 1913 impellere
992 1853 1121 1894 marmor

398 1927 574 2001 Conveniat,
591 1928 713 2003 quando
727 1940 852 1988 armatas
866 1929 1014 1989 deducere
1028 1929 1145 2002 elasseS,

398 2020 683 2097 Aut'tempestivam
698 2020 777 2082 silvis
791 2031 921 2082 evertere
935 2020 1057 2098 pinum:

398 2115 465 2173 Nec
479 2114 583 2172 frustra
597 2113 747 2191 signomm
761 2114 862 2175 obitus
876 2115 1064 2192 speculamur
1078 2124 1108 2175 et
1122 2125 1211 2189 ortus,

397 2206 655 2283 Temporibusque
669 2226 771 2285 parem
785 2206 908 2267 diversis
922 2218 1061 2285 quattuor
1074 2226 1194 2268 annum.

439 2298 575 2376 Frigidus
590 2300 747 2377 agricolam
763 2299 787 2361 si
802 2301 925 2377 quando
938 2300 1072 2361 continet
1086 2302 1188 2377 imber,
1227 2328 1235 2344 ·

398 2393 505 2466 Multa,
521 2393 616 2453 forent
631 2412 706 2469 quae
721 2413 791 2453 mox
805 2395 891 2454 coelo
905 2395 1093 2472 properanda
1106 2378 1220 2470 sereno,

398 2486 549 2545 Maturare
564 2487 667 2546 datur:
688 2487 793 2547 durum
807 2487 945 2565 procudit
959 2497 1056 2547 arator

397 2577 534 2638 Vomeris
549 2580 669 2639 obtunsi
683 2581 812 2655 dentem,
827 2590 914 2641 cavat
928 2582 1032 2641 arbore
1046 2581 1155 2656 lintres,

397 2673 460 2730 Aut
474 2672 575 2748 pecori
589 2672 706 2750 signum
720 2684 771 2733 aut
785 2692 923 2733 numeros
937 2673 1085 2751 impressit
1098 2672 1217 2736 acervis

398 2765 555 2825 Exacuunt
569 2765 618 2824 alii
632 2767 725 2826 vallos
740 2767 895 2843 lineasque
909 2765 1055 2841 bicornes,

398 2858 499 2934 Atque
513 2849 656 2918 Amerina
668 2870 773 2936 parant
787 2860 885 2920 lentae
900 2859 1063 2920 retinacula
1075 2860 1135 2921 viti

398 2951 487 3009 Nunc
502 2950 595 3010 facilis
609 2953 702 3011 rubea
715 2962 830 3011 texatur
843 2952 947 3012 fiscina
959 2952 1059 3029 virga;

400 3044 489 3103 Nunc
504 3054 613 3104 torrete
627 3044 688 3121 igni
702 3044 807 3122 fruges,
819 3064 900 3106 nunc
913 3045 1037 3123 frangite
1051 3063 1132 3107 saxo.

398 3134 519 3213 Quippe
534 3136 622 3196 etiam
637 3136 718 3197 sestis
733 3139 880 3215 quaedam
894 3157 1031 3199 exercere
1046 3139 1151 3201 diebus

397 3230 456 3289 Fas
470 3240 501 3289 et
512 3230 578 3306 jura
592 3228 709 3291 sinunt:
729 3230 807 3292 rivos
822 3231 969 3292 deducere
983 3233 1066 3292 nulla

398 3322 517 3400 Religio
531 3322 632 3397 vetuit,
648 3323 741 3401 segeti
755 3325 949 3401 praetendere
964 3344 1093 3403 saepem,

398 3414 528 3475 Insidias
542 3415 645 3476 avibus
660 3416 764 3491 moliri,
779 3417 938 3478 incendere
952 3436 1065 3496 vepres,

397 3510 614 3585 Balantumque
627 3528 746 3587 gregem
759 3510 850 3570 fluvio
865 3529 992 3571 mersare
1006 3512 1124 3572 salubri.

396 3604 493 3679 Saepe
507 3602 575 3662 oleo
590 3601 665 3663 tardi
679 3614 778 3663 costas
793 3602 918 3681 agitator
932 3604 1014 3664 aselli

396 3694 514 3755 Vilibus
528 3705 579 3755 aut
592 3705 696 3755 onerat
709 3696 815 3774 pomis,
831 3697 1021 3775 lapidemque
1035 3708 1185 3760 revertens

397 3789 540 3849 Incusum
555 3798 606 3849 aut
619 3799 700 3849 atrae
714 3808 842 3849 massam
856 3789 932 3867 picis
946 3792 1019 3851 mbe
1033 3802 1170 3870 reportat

438 3883 509 3959 Ipsa
523 3880 586 3941 dies
601 3881 674 3942 alios
688 3882 747 3942 alio
761 3882 844 3943 dedit
858 3883 962 3945 ordine
977 3887 1064 3945 Luna

398 3975 512 4036 Felices
527 3994 657 4053 operum.
701 3975 843 4052 Quintam
858 3978 945 4055 suge:
964 3978 1091 4055 pallidus
1106 3980 1203 4040 Orcus
