3550 4859
399 579 470 620 200·
715 578 740 621 P.
763 578 896 620 VlRGlLll
917 577 1060 623 MAROMS

399 723 534 796 Quatuor
548 741 584 781 ex
598 721 680 781 omni
694 721 828 782 delectae
842 723 940 782 classe
954 722 1080 783 carinae.
1339 751 1378 792 us

396 815 542 875 Velocem
557 816 735 875 Mnestheus
744 816 810 893 agit
824 816 885 875 acri
901 817 1011 894 remige
1027 809 1155 889 Pristim,

398 910 473 967 Mox
488 909 583 967 Italus
597 909 782 981 Mnestheus,
797 928 893 984 genus
906 928 925 968 a
938 928 1000 985 quo
1014 909 1135 968 nomine
1151 908 1285 984 Memmi,

399 1003 615 1078 Ingentemque
630 1003 710 1079 Gyas
725 1001 839 1079 ingenti
853 1003 932 1061 mole
948 992 1145 1074 Chimaeram,

398 1094 491 1154 Urbis
505 1112 590 1171 opus,
606 1093 714 1170 triplici
727 1095 822 1171 pubes
837 1113 927 1170 quam
942 1095 1083 1154 Dardana
1096 1113 1182 1154 versu

398 1188 569 1264 lmpellunt,
584 1196 670 1246 terno
683 1197 866 1264 consurgunt
879 1187 985 1246 ordine
999 1187 1073 1246 remi
1084 1208 1092 1259 ;
1340 1215 1379 1246 no

398 1282 622 1356 Sergestusque,
638 1279 745 1339 domus
758 1289 842 1339 tenet
855 1298 874 1338 a
888 1298 949 1355 quo
962 1280 1064 1358 Sergia
1078 1298 1198 1353 nomen,

398 1374 548 1432 Centauro
562 1369 709 1432 invehitur
722 1391 839 1450 magna,
856 1372 1013 1450 Scyllaque
1028 1373 1195 1433 Cloanthus

398 1465 551 1538 Caerulea,
565 1482 662 1542 genus
675 1464 756 1524 unde
770 1464 833 1538 tibi,
842 1467 988 1524 Romane
1003 1466 1131 1525 Cluenti
1151 1485 1154 1495 ¹
1263 1506 1266 1512 .

438 1558 492 1615 Est
505 1555 607 1632 procul
622 1555 653 1613 in
667 1555 776 1633 pelago
790 1574 893 1614 saxum
907 1556 1075 1633 spumantia
1088 1566 1192 1615 contra

398 1648 506 1721 Litora,
522 1648 602 1725 quod
618 1647 739 1707 tumidis
753 1647 940 1708 submersum
954 1649 1087 1707 tunditur
1100 1648 1172 1708 olim

398 1741 559 1814 Fluctibus,
575 1739 692 1799 hiberni
706 1741 841 1800 condunt
853 1741 906 1800 ubi
920 1740 1018 1802 sidera
1032 1741 1104 1802 Cori
1116 1763 1125 1816 3

396 1835 571 1911 Tranquillo
586 1834 661 1907 silet,
676 1833 1017 1909 immotaque-attollitur
1029 1835 1110 1894 unda

398 1929 530 2005 Campus
544 1939 574 1988 et
587 1925 697 2004 apricis
710 1926 799 1987 statio
811 1926 978 2005 gratissima
991 1926 1109 2006 mergis.

398 2019 459 2080 Hic
473 2020 599 2080 viridem
615 2022 734 2082 Aeneas
747 2020 900 2080 frondenti
913 2039 951 2080 ex
964 2021 1031 2081 ilice
1045 2030 1156 2081 metam

397 2114 562 2174 Constituit
576 2112 691 2192 signum
707 2113 805 2173 nautis
818 2123 911 2190 pater,
927 2114 1009 2173 unde
1022 2114 1131 2174 reverti

397 2208 511 2268 Scirent
525 2217 556 2267 et
570 2208 677 2285 longos
691 2206 743 2265 ubi
757 2206 991 2284 circumflectere
1002 2226 1113 2267 cursus
1266 2270 1270 2280 ,

396 2302 475 2360 Tum
489 2301 556 2360 loca
570 2309 649 2359 sorte
664 2300 775 2377 legunt,
790 2297 907 2375 ipsique
921 2299 952 2358 in
967 2299 1117 2377 puppibus
1130 2319 1203 2361 auro

398 2393 547 2452 Ductores
561 2393 652 2471 longe
665 2391 809 2469 effulgent
821 2402 963 2468 ostroque
977 2392 1079 2453 decori
1090 2377 1104 2467 ;¹

397 2487 506 2546 Cetera
520 2487 651 2564 populea
662 2485 777 2545 velatur
790 2484 896 2546 fronde
907 2486 1048 2564 juventus

398 2569 750 2654 Nudatosque'humeros
763 2578 833 2637 oleo
846 2578 966 2654 perfusa
979 2579 1107 2638 nitescit.

398 2672 569 2733 Considunt
582 2671 728 2743 transtris,
744 2670 917 2747 intentaque
931 2671 1052 2731 brachia
1066 2671 1155 2731 remis
1162 2693 1172 2745 3

398 2764 511 2824 Intenti
524 2772 700 2841 exspectant
713 2763 840 2842 signum,
855 2764 1092 2840 exsultantiaque
1105 2762 1202 2825 haurit

398 2857 499 2917 Corda
512 2875 606 2933 pavor
619 2857 740 2933 pulsans
754 2857 935 2933 laudumque
948 2868 1061 2917 arrecta
1073 2858 1192 2935 cupido.
1281 2900 1286 2908 .

398 2949 475 3008 Inde
489 2949 541 3008 ubi
555 2949 635 3007 clara
649 2949 733 3008 dedit
746 2949 878 3008 sonitum
893 2949 973 3023 tuba,
989 2950 1099 3009 finibus
1112 2968 1226 3025 omnes,

398 3043 491 3101 Haud
505 3060 596 3114 mora,
612 3040 776 3118 prosiluere
792 3041 873 3117 suis,
892 3041 960 3102 serit
973 3044 1095 3103 aethera
1107 3044 1219 3103 clamor

398 3134 551 3208 Nauticus,
567 3134 705 3195 adductis
718 3144 858 3211 spumant
871 3136 947 3195 freta
960 3154 1046 3195 versa
1059 3136 1184 3197 lacertis

398 3228 553 3287 Infindunt
567 3228 677 3305 pariter
689 3228 797 3301 sulcos,
813 3237 968 3305 totumque
982 3228 1110 3290 dehiscit

398 3322 582 3381 Convulsum
596 3320 686 3379 remis
700 3321 860 3397 rostrisque
874 3321 1053 3383 tridentibus
1067 3341 1185 3399 aequor.

398 3416 469 3473 Non
484 3424 544 3473 tam
559 3411 736 3490 praecipites
749 3413 852 3492 bijugo
864 3416 1028 3475 certamine
1041 3434 1180 3493 campum

398 3505 575 3583 Corripuere
589 3514 737 3581 ruuntque
750 3506 836 3566 effusi
849 3526 968 3567 carcere
981 3527 1093 3582 curius,

397 3601 463 3658 Nec
477 3600 521 3659 sic
535 3598 676 3657 immissis
689 3599 807 3675 aurigae
820 3600 965 3661 undantia
979 3601 1043 3661 lora

398 3693 589 3751 Concussere
597 3690 677 3768 jugis
690 3691 837 3767 pronique
850 3692 881 3751 in
895 3693 1018 3753 verbera
1031 3694 1173 3770 pendent

396 3785 475 3842 Tum
489 3784 595 3861 plausu
609 3783 787 3859 fremituque
799 3784 895 3844 virum
910 3786 1074 3863 studiisque
1087 3786 1240 3847 faventum

398 3878 554 3958 Consonat
568 3894 658 3936 omne
672 3894 788 3949 nemus,
801 3895 966 3953 vocemque
979 3876 1096 3941 inclusa
1108 3882 1244 3944 volutant

398 3970 508 4043 Litora,
523 3968 632 4046 pulsati
645 3969 739 4030 eolles
752 3969 886 4037 clamore.
895 3971 1046 4033 resultant.
