3550 4859
400 560 439 621 68
718 578 744 620 r.
763 576 898 622 unsrun
919 578 1062 624 umosrs
1093 635 1095 640 .

400 722 440 782 Et
456 720 519 801 J'am
533 738 648 782 summa
660 722 764 800 procul
777 722 913 784 villarum
925 723 1056 783 culmina
1069 723 1192 800 fumant,

400 814 592 893 Maioresque
605 813 717 878 cadunt
731 815 798 880 altis
811 815 850 878 de
863 815 1016 878 montibus
1029 816 1161 879 umbrae.

724 1137 938 1200 ECLOGA
967 1137 1053 1199 111.

765 1307 998 1364 PALAEMON.

577 1476 752 1522 munima
795 1477 971 1522 mouns
1013 1477 1195 1523 PALAEMON.
1241 1504 1249 1519 .

807 1599 962 1639 mid-Led&

398 1668 460 1729 Drc
474 1665 555 1742 mihi,
571 1669 728 1742 Damoeta,
743 1666 844 1747 cujum
856 1670 969 1745 pecus?
989 1686 1028 1727 an
1043 1667 1208 1729 Meliboei?

807 1785 962 1826 mouns.

396 1854 478 1928 Non,
492 1872 595 1914 verum
607 1852 742 1932 Aegonis
752 1874 762 1928 ς
781 1870 876 1930 nuper
888 1851 961 1913 rniiri
975 1851 1100 1914 tradidit.
1109 1854 1224 1931 Aegon,

808 1973 961 2014 »amnicus

396 2040 506 2101 Infelix
519 2060 539 2101 o
553 2057 680 2119 semper,
695 2058 776 2115 oves,
791 2044 902 2117 pecus!
923 2040 988 2118 ipse
1001 2042 1149 2102 Neaeram

396 2135 479 2193 Dum
493 2134 581 2208 fovet,
598 2153 642 2208 ac,
658 2153 697 2194 ne
711 2152 760 2195 me
774 2132 831 2194 sibi
844 2134 990 2211 praeferat
1003 2133 1062 2208 illa,
1077 2144 1201 2208 veretur,
1321 2178 1323 2182 -

397 2225 459 2286 Hic
474 2225 588 2287 alienus
601 2246 673 2287 oves
687 2237 787 2287 custos
800 2225 848 2288 bis
861 2227 974 2306 mulget
988 2225 1019 2285 in
1033 2228 1115 2301 hora,

397 2320 437 2380 Et
449 2338 537 2381 sucus
550 2319 652 2399 pecori
666 2331 696 2382 et
709 2322 757 2381 lac
771 2318 944 2382 subducitur
958 2319 1048 2398 agnis.

806 2439 961 2479 nffloms,

397 2504 517 2565 Parcius
531 2504 589 2565 ista
602 2504 671 2565 viris
685 2516 786 2568 tamen
799 2505 972 2585 objicienda
984 2516 1144 2569 memento.

396 2596 552 2672 Novimus,
567 2608 598 2659 et
611 2598 663 2676 qui
679 2609 718 2673 te,
733 2609 900 2666 messem
913 2598 1064 2662 tuentibus
1077 2598 1174 2674 hircis,

396 2691 436 2750 Et
449 2708 510 2768 quo
518 2724 559 2734 —
567 2690 621 2752 sed
634 2687 737 2753 faciles
751 2693 911 2770 Nymphae
923 2691 1012 2754 risere
1020 2693 1189 2753 -sacello

778 2858 784 2866 ,
806 2812 962 2852 marens

395 2877 483 2951 Tum,
498 2876 598 2950 credo,
614 2896 706 2954 quum
718 2897 767 2939 me
781 2878 933 2942 arbustum
946 2877 1047 2941 videre
1062 2877 1193 2940 Miconis

395 2970 496 3046 Atque
510 2971 588 3031 mala
601 2969 677 3032 vites
690 2969 821 3033 incidere
834 2973 911 3033 inice
925 2973 1066 3034 novellas.

804 3090 960 3130 onnon-ms

396 3156 459 3215 Aut
472 3153 522 3215 hic
535 3155 574 3215 ad
587 3164 702 3217 veteres
716 3155 800 3234 fagos
814 3176 907 3235 quum
921 3154 1091 3233 Daphnidis
1104 3174 1205 3217 arcum

396 3246 520 3324 Fregisti
534 3259 565 3309 et
577 3249 727 3310 calamos:
747 3268 825 3326 quae
838 3260 879 3325 tu,
894 3268 1031 3327 perverse
1047 3247 1197 3323 Menalca,

397 3342 444 3415 Et,
460 3360 550 3418 quum
564 3339 663 3404 vidisti
676 3361 769 3420 puero
783 3343 903 3418 donata,
919 3342 1052 3418 dolebas,

396 3434 444 3507 Et,
459 3433 485 3493 si
498 3452 560 3494 non
574 3434 673 3513 aliqua
687 3436 850 3511 nocuisses,
859 3445 997 3497 mortuus
1011 3454 1099 3497 esses.

805 3555 958 3594 mamus

396 3616 480 3693 Quid
493 3617 606 3679 domini
620 3620 739 3695 iaciant,
754 3620 866 3682 audent
880 3639 972 3697 quum
985 3620 1056 3681 talia
1068 3619 1165 3681 fures!

396 3711 468 3770 Non
482 3730 539 3789 ego
554 3720 583 3771 te
597 3710 658 3773 vidi
672 3712 826 3787 Damonis,
841 3712 978 3791 pessime,
993 3732 1115 3791 caprum

397 3802 543 3881 Excipere
556 3804 679 3880 insidiis,
693 3807 818 3868 mrdtum
831 3807 956 3867 latrante
969 3805 1115 3885 Lycisca?

396 3897 436 3956 Et
449 3916 541 3974 quum
554 3898 730 3960 clamarem:
750 3900 822 3975 Quo
835 3918 915 3961 nunc
929 3918 961 3960 se
975 3897 1099 3977 proripit
1111 3898 1182 3960 illei

395 3987 507 4069 Tityre,
522 4009 596 4071 coge
610 4010 722 4071 pecus3
741 4001 775 4054 tu
788 4002 858 4072 post
870 4002 989 4064 carecta
1000 3992 1123 4056 latebas
