3550 4859
696 581 879 627 GEORGICON
900 581 961 626 mu
982 580 1016 626 Π.
1291 587 1345 629 ur

373 730 465 792 Unde
480 740 590 790 tremor
602 726 693 800 terris,
709 727 811 805 quavi
824 727 917 788 maria
931 728 991 788 alta
1004 734 1171 787 tumescant

369 822 527 902 Objieibus
540 820 634 899 ruptis
648 840 806 899 rursusque
820 821 851 880 in
866 841 898 882 se
912 821 977 898 ipsa
991 820 1129 894 residant,
1309 838 1349 888 aa

369 917 452 993 Quid
466 926 581 976 tautum
596 915 721 976 Oceano
735 927 895 992 properent
910 934 941 974 se
956 914 1088 991 tinguere
1103 914 1182 973 soles

369 1009 509 1083 Hibemi,
523 1008 571 1068 vel
585 1027 662 1084 quae
676 1007 768 1067 tardis
782 1027 867 1067 mora
880 1006 1019 1067 noctibus
1034 1009 1140 1067 obstet

368 1103 429 1177 Sin,
445 1102 500 1161 has
514 1121 552 1161 ne
567 1100 678 1179 possim
693 1102 815 1160 naturae
828 1101 972 1161 accedere
986 1111 1094 1178 partes,

368 1195 506 1273 Frigidus
519 1193 666 1254 obstiterit
680 1194 791 1253 circum
805 1195 979 1270 praecordia
993 1192 1120 1270 sanguis,

369 1290 454 1347 Rura
468 1286 540 1346 mihi
555 1298 585 1346 et
599 1286 672 1363 rigui
687 1288 825 1363 placeant
839 1287 869 1344 in
884 1287 1011 1345 vallibus
1025 1305 1148 1360 amnes;

368 1380 507 1441 Flumina
521 1399 618 1439 amem
633 1379 780 1456 silvasque
795 1378 944 1456 inglorius.
988 1380 1025 1452 Ο,
1041 1380 1092 1438 ubi
1106 1379 1206 1457 campi

368 1474 602 1552 Spercheusque,
619 1483 648 1532 et
662 1471 824 1549 virginibus
838 1472 983 1531 bacchata
1000 1472 1145 1532 Lacaenis

367 1570 519 1646 Taygeta!
541 1586 569 1640 0,
585 1565 636 1642 qui
651 1585 699 1625 me
713 1564 818 1642 gelidis
833 1564 1017 1624 convallibus
1033 1565 1144 1625 Haemi

366 1660 465 1734 Sistat,
482 1670 512 1720 et
526 1657 638 1736 ingenti
652 1677 800 1717 ramorum
814 1669 950 1735 protegat
964 1660 1087 1717 umbra!

367 1754 460 1827 Felix,
477 1752 528 1830 qui
543 1752 640 1830 potuit
654 1771 749 1811 rerum
765 1770 946 1829 cognoscere
959 1770 1087 1824 caussas,

368 1850 469 1924 Atque
484 1857 580 1906 metus
594 1864 699 1905 omnes
714 1856 743 1904 et
758 1844 939 1905 inexorabile
955 1846 1046 1904 latum

365 1939 500 2020 Subjecit
513 1938 640 2017 pedibus
655 1938 869 2016 strepitumque
886 1937 1064 1998 Acherontis
1079 1937 1175 1998 avari!

367 2035 548 2093 Fortunatus
562 2042 592 2092 et
607 2032 664 2105 ille,
681 2032 755 2091 deos
769 2031 820 2108 qui
835 2031 919 2091 novit
934 2043 1071 2109 agrestes,

366 2130 511 2203 Panaque
525 2125 736 2202 Silvanumque
751 2144 853 2185 senem
869 2126 1084 2203 Nymphasque
1099 2129 1233 2186 sorores!

367 2222 458 2280 Illum
473 2238 534 2279 non
549 2218 652 2296 populi
666 2220 769 2293 fasces,
785 2237 845 2278 non
862 2238 990 2295 purpura
1004 2238 1105 2295 regum

368 2314 465 2373 Flexit
478 2323 508 2373 et
522 2312 630 2371 infidos
644 2311 759 2388 agitans
774 2311 922 2371 discordia
936 2311 1048 2385 fratres,

368 2410 430 2468 Aut
444 2408 599 2483 conjurato
614 2406 800 2465 descendens
816 2407 918 2464 Dacus
933 2407 970 2464 ab
987 2403 1101 2478 Histm,

368 2502 439 2560 Non
454 2520 501 2559 res
516 2502 672 2558 Romanae
686 2497 873 2575 perituraque
888 2517 997 2575 regna3
1019 2518 1117 2575 neque
1131 2498 1181 2558 ille

368 2597 431 2654 Aut
445 2592 540 2654 doluit
554 2592 698 2651 miserans
712 2591 842 2669 inopem,
858 2602 909 2651 aut
923 2591 1028 2652 invidit
1042 2591 1173 2652 habenti.

368 2688 454 2763 Quos
468 2685 541 2745 rami
556 2686 676 2758 fructus,
692 2703 768 2762 quos
782 2684 847 2762 ipsa
860 2685 991 2744 volentia
1004 2704 1071 2744 rura

369 2782 484 2857 Sponte
498 2779 590 2839 tulere
605 2798 668 2852 sua,
683 2777 800 2856 carpsit,
816 2798 873 2838 nec
888 2780 981 2838 ferrea
992 2780 1059 2856 jura

368 2875 572 2954 Insanumque
586 2872 682 2931 sorum
697 2880 747 2930 aut
761 2871 864 2948 populi
880 2871 1023 2931 tabularia
1036 2870 1117 2931 vidie

367 2966 534 3027 Sollicitant
548 2964 598 3024 alii
612 2964 699 3023 remis
714 2964 788 3024 freta
802 2984 901 3039 caeca,
917 2975 1063 3041 ruuntque

368 3062 407 3119 In
421 3060 537 3132 serrum,
552 3067 708 3134 penetrant
723 3058 804 3117 aulas
818 3069 849 3118 et
862 3058 966 3117 limina
979 3077 1101 3135 regum;

368 3154 431 3215 Hic
446 3154 519 3231 petit
533 3153 670 3213 exscidiis
684 3156 789 3214 urbem
802 3156 986 3231 miserosque
1002 3158 1138 3229 Penates,
1172 3175 1176 3180 ·

368 3250 414 3309 Ut
426 3266 545 3324 gemma
559 3246 643 3307 bibat
657 3257 687 3306 et
702 3248 830 3308 Sarrano
844 3247 973 3307 dormiat
988 3258 1088 3322 ostro,

367 3341 482 3402 Condit
496 3359 569 3417 opes
583 3339 666 3414 alius,
683 3341 862 3417 defossoque
877 3340 999 3400 incubat
1013 3360 1104 3413 auro;

368 3434 431 3495 Hic
446 3444 545 3510 stupet
559 3433 701 3493 attonitus
717 3433 854 3508 Rostris3
875 3434 954 3493 hunc
969 3436 1091 3510 plausus
1105 3432 1238 3493 hiantem

367 3530 426 3587 Per
438 3545 551 3586 cuneos
564 3526 731 3603 geminatus
746 3525 825 3586 enim
840 3526 999 3603 plebisque
1014 3538 1190 3603 patrumque

367 3619 537 3696 Corripuit3
556 3621 687 3697 gaudent
701 3620 811 3696 perfusi
826 3618 968 3696 sanguine
983 3621 1111 3692 fratrum,

367 3713 541 3790 Exsilioque
556 3714 663 3772 domos
678 3723 707 3771 et
722 3712 821 3771 dulcia
835 3712 938 3771 limina
951 3722 1075 3785 mutant,

366 3810 469 3883 Atque
484 3804 543 3865 alio
558 3804 682 3882 patriam
698 3816 844 3881 quaerunt
858 3807 913 3865 sub
928 3807 991 3865 sole
1004 3808 1162 3881 jacentem.

366 3898 647 3978 Agricola‘iucurvo
661 3907 767 3956 terram
782 3897 907 3957 dimovit
922 3910 1035 3958 aratro:

367 3992 453 4053 Hinc
468 3990 539 4052 anni
553 3991 646 4065 labor,
661 3989 731 4049 hinc
744 3989 869 4068 patriam
883 4009 1050 4069 parvosque
1065 3994 1192 4052 Penates
