3550 4859
384 555 457 618 -266
713 570 739 616 ι».
760 568 894 614 vientur
915 568 1059 614 mours

395 718 487 795 Jussa
500 716 584 789 mori,
600 734 677 793 quae
691 714 810 776 sortitus
825 733 886 774 non
902 712 1023 791 pertulit
1036 713 1125 787 ullos,

397 812 428 869 N
429 829 464 869 ec
477 808 598 869 victoris
611 808 675 869 heri
689 806 785 885 tetigit
798 806 918 884 captiva
930 807 1047 867 cubile!

397 906 474 976 Nos,
489 901 583 979 patria
596 901 719 962 incensa
732 901 852 964 diuersa
862 919 916 976 par
928 918 1060 975 aequora
1071 907 1185 971 rectae,
1341 924 1382 966 aas

395 994 501 1071 Stirpis
515 993 668 1055 Achilleae
682 995 774 1054 fastus
785 994 987 1071 juvenemque
1001 992 1171 1068 superbum,

396 1087 521 1150 Servitio
536 1087 649 1161 enixae,
664 1088 807 1161 tulimua;
824 1085 876 1162 qui
890 1085 1012 1158 deiude,
1026 1095 1147 1145 secutus

397 1181 549 1241 Ledaeam
565 1180 753 1242 Hermionen
768 1178 1085 1255 Lacedaemoniosque
1099 1179 1292 1255 hymenaeos,

398 1276 453 1333 Me
467 1274 578 1333 famulo
592 1273 792 1349 famulamque
810 1272 931 1332 Heleno
945 1271 1108 1332 transmisit
1121 1270 1303 1332 habendam

398 1370 456 1427 Ast
470 1366 561 1440 illum,
578 1377 696 1443 ereptae
710 1384 820 1442 magno
834 1363 1035 1426 inflammatus
1050 1383 1151 1424 amore
1341 1392 1382 1431 ³30

399 1458 544 1537 Conjugis
558 1470 588 1519 et
602 1460 746 1520 scelerum
762 1457 858 1520 Furiis
871 1457 1006 1535 agitatus,
1023 1458 1145 1518 Orestes
1220 1469 1224 1476 ’

399 1551 517 1630 Excipit
531 1552 683 1613 incautum
697 1549 865 1629 patriasque
880 1554 1038 1612 obtruncat
1053 1551 1092 1611 ad
1106 1569 1180 1611 aras.

399 1649 501 1706 Morte
516 1644 710 1722 Neoptolemi
724 1664 882 1723 regnorum
896 1646 1013 1706 reddita
1026 1644 1116 1705 cessit

399 1741 472 1798 Pars
487 1738 618 1812 Heleno,
635 1739 687 1816 qui
702 1738 855 1800 Chaonios
869 1738 1048 1815 cognomine
1062 1755 1186 1816 campos

399 1830 627 1908 Chaoniamque
641 1851 762 1892 ornnem
775 1833 908 1910 Trojano
922 1850 941 1892 a
954 1832 1080 1893 Chaone
1094 1830 1177 1904 dixit,

399 1928 604 2003 Pergamaque
620 1924 803 2001 Iliacamque
814 1925 893 2004 jugis
907 1925 985 1986 hanc
999 1924 1115 1984 addidit
1127 1929 1235 1986 arcem.

398 2019 459 2079 Sed
474 2017 527 2077 tibi
542 2017 593 2095 qui
607 2036 724 2097 cursum
738 2018 828 2092 venti,
844 2037 921 2094 quae
935 2019 995 2078 fata
1008 2018 1138 2079 dedere?

399 2114 462 2171 Aut
476 2110 614 2187 quisnam
627 2111 761 2189 ignarum
774 2111 884 2174 nostris
897 2112 972 2173 deus
986 2111 1100 2189 appulit
1114 2110 1194 2172 oris?

400 2204 483 2280 Quid
497 2224 572 2282 puer
585 2204 754 2269 Ascanius?
774 2214 932 2283 mperatne
946 2214 977 2266 et
989 2205 1119 2265 vescitm
1133 2223 1212 2279 aura,

401 2300 501 2374 Quem
515 2297 569 2362 tibi
579 2298 643 2378 jam
657 2300 799 2375 Troia—-

401 2393 506 2469 Ecqua
519 2402 619 2454 tamen
633 2410 727 2469 puero
740 2402 786 2454 est
799 2391 926 2452 amissae
940 2410 1011 2451 cura
1024 2390 1176 2468 parentis?

401 2485 519 2562 Ecquid
533 2484 564 2544 in
578 2485 731 2562 antiquam
744 2483 883 2548 virtutem
898 2485 1074 2561 animosque
1087 2483 1187 2545 viriles

402 2581 441 2639 Et
455 2589 538 2656 pater
551 2581 673 2640 Aeneas
686 2588 717 2640 et
730 2579 894 2640 avunculus
908 2577 1018 2639 excitat
1032 2579 1169 2638 Hectori

400 2671 487 2731 Talia
500 2672 644 2731 fundebat
658 2670 815 2732 lacrimans
829 2672 996 2748 longosque
1010 2670 1109 2731 ciebat

402 2768 556 2824 Incassum
570 2765 664 2838 fletus,
680 2783 772 2842 quum
786 2784 853 2827 sese
867 2784 886 2826 a
899 2764 1057 2825 moenibus
1074 2765 1164 2825 heros

401 2858 565 2920 Priamides
579 2858 679 2918 multis
694 2859 833 2919 Helenus
847 2857 1060 2920 comitantibus
1074 2859 1168 2931 affert,

401 2950 607 3028 Agnoscitque
622 2970 700 3024 suos,
715 2952 869 3028 laetusque
883 2951 923 3013 ad
937 2951 1039 3010 limina
1053 2950 1144 3024 ducit,

402 3046 442 3104 Et
455 3045 581 3106 multum
596 3042 731 3104 lacrimas
745 3045 836 3106 verba
849 3044 926 3104 inter
939 3043 1056 3121 singula
1069 3043 1175 3104 sundit

403 3137 547 3210 Procedo,
563 3148 593 3197 et
607 3156 729 3214 parvam
742 3138 864 3217 Trojam
879 3136 1075 3213 simulataque
1089 3134 1204 3214 magnis

403 3233 547 3307 Pergama
560 3241 590 3290 et
604 3241 735 3294 arentem
748 3228 862 3292 Xanthi
875 3229 1056 3308 cognomine
1069 3229 1164 3292 rivum

402 3327 555 3401 Agnosco,
570 3325 740 3400 Scaeaeque
755 3325 920 3401 amplector
933 3322 1037 3383 limina
1049 3333 1162 3400 portae

404 3419 470 3476 Nec
485 3435 546 3475 non
561 3427 591 3475 et
604 3416 712 3477 Teucri
727 3417 810 3476 socia
823 3416 912 3476 simul
926 3417 999 3477 urbe
1013 3416 1154 3476 fruuntur.

404 3510 478 3569 Illos
491 3508 656 3586 porticibus
669 3529 721 3571 rex
734 3509 901 3587 accipiebat
914 3507 946 3569 in
959 3509 1085 3587 amplis,

403 3602 493 3663 Aulai
507 3602 607 3662 medio
622 3602 756 3664 libabant
768 3604 877 3680 pocula
892 3603 1010 3677 Bacchi,

404 3694 558 3773 Impositis
571 3714 643 3756 auro
657 3695 794 3773 dapibus,
808 3707 987 3773 paterasque
1000 3696 1153 3756 tenebant.

443 3790 571 3866 Jamque
585 3788 650 3849 dies
665 3790 797 3866 alterque
810 3788 875 3850 diea
888 3789 1043 3866 processit,
1058 3801 1088 3850 et
1102 3804 1192 3850 aurae

403 3882 481 3942 Vela
493 3892 602 3941 vocant
616 3881 790 3959 tumidoque
804 3880 922 3944 inflatur
933 3884 1074 3943 carbasus
1087 3893 1196 3945 austro.

405 3975 465 4037 His
478 3984 578 4040 vatem
591 3973 745 4054 wediot
758 3973 845 4042 dicti!
858 3993 896 4038 ac
909 3975 982 4040 talia
994 3994 1126 4055 quaeso:
