3550 4859
689 553 852 602 Aruernos
867 554 928 600 uu
945 554 989 599 vr.
1267 562 1324 619 ¹43

353 699 567 776 Romanosqre
581 707 657 759 tuos.
701 698 765 761 Hic
778 701 890 762 Caesar
902 710 934 762 et
947 700 1127 763 ermuini

353 792 528 870 Progenies,
538 811 679 868 magnum
692 793 770 853 coeli
783 796 1084 856 venturarubarrem.
1288 825 1327 865 ,φ

352 886 415 945 Hic
428 884 480 959 vir,
494 884 544 947 bic
557 896 612 958 est,
626 884 680 944 tibi
695 905 784 961 quern
798 886 932 962 promitti
946 888 1064 965 nepins
1076 888 1170 963 mulis,

352 980 503 1054 Augustus
518 981 637 1051 Caesar,
653 978 724 1041 Divi
736 997 842 1055 genus,
855 998 946 1041 aurea
959 982 1070 1043 condet

351 1072 475 1132 Saecula
489 1070 539 1147 qui
553 1091 653 1132 rursus
666 1071 755 1131 Latio
767 1083 891 1149 regnam
903 1093 956 1151 per
969 1094 1039 1135 arva

352 1166 479 1228 Saturno
494 1166 657 1241 quondam,
671 1175 803 1242 superet
816 1168 1015 1230 Garamantas
1026 1178 1056 1228 et
1071 1168 1166 1229 Indos

352 1259 484 1319 Proferet
498 1258 673 1335 imperium3
690 1260 771 1336 jacet
785 1270 867 1321 extra
880 1261 980 1321 sidera
991 1263 1091 1335 tellus,

351 1355 443 1412 Extra
456 1352 526 1411 anni
541 1353 672 1429 solisque
685 1353 759 1427 vias,
772 1353 825 1414 ubi
838 1353 958 1415 coeliler
972 1356 1059 1415 Atlas

351 1448 449 1505 Axem
463 1447 586 1505 humero
601 1456 720 1522 torquet
733 1445 826 1507 stellis
839 1448 1013 1508 ardentibus
1025 1458 1134 1525 aptum.

351 1539 453 1615 Hujus
467 1538 497 1598 in
511 1540 673 1601 adventum
686 1541 748 1615 jam
762 1559 843 1602 nunc
857 1551 887 1601 et
902 1541 1012 1618 Cnspia
1025 1561 1116 1618 regna

351 1632 517 1707 Responsis
531 1633 652 1691 horrent
666 1630 767 1691 divum
782 1643 811 1693 et
826 1633 961 1695 Maeotia
974 1636 1068 1707 tellus,

351 1726 390 1784 Et
404 1724 630 1801 septemgemini
642 1727 765 1787 turbant
776 1727 893 1802 trepida
906 1726 983 1787 ostia
998 1726 1067 1787 Nili.

351 1821 381 1878 N
383 1838 418 1879 ec
432 1837 502 1877 vero
516 1818 638 1880 Alcides
653 1829 768 1880 tantum
782 1820 899 1880 telluris
909 1820 1011 1895 obivit,

299 1935 306 1955 ·
350 1911 461 1972 Fixerit
475 1911 644 1987 aeripedem
658 1932 778 1973 cervam
791 1912 873 1987 licet,
885 1924 937 1974 aut
952 1912 1126 1991 Erymanthi

320 2064 322 2068 ,
351 2004 467 2065 Pacarit
481 2023 612 2078 nemora,
627 2015 657 2065 et
671 2007 800 2066 Lernam
814 2007 1009 2067 tremefecerit
1022 2026 1112 2081 arcu3
1128 2026 1131 2031 ·

350 2100 426 2173 Nec,
442 2097 493 2175 qui
506 2098 674 2175 pampineis.
686 2098 783 2159 victor
791 2101 863 2178 juga
876 2101 968 2161 flectit
982 2100 1115 2174 habenis,

351 2190 449 2264 Liber,
464 2210 555 2268 agens
569 2192 652 2251 celso
667 2194 767 2269 Nysae
781 2194 819 2253 de
833 2193 944 2254 uertice
958 2193 1055 2269 tigres.

352 2285 390 2344 Et
404 2284 574 2345 dubitamus
589 2286 687 2344 adhuc
700 2284 839 2345 virtutem
852 2287 1012 2347 extendere
1026 2286 1120 2358 factis,

350 2380 413 2437 Aut
427 2388 523 2438 metus
538 2377 673 2438 Ausonia
687 2378 826 2454 prohibet
839 2380 1006 2441 consistere
1017 2382 1114 2439 terra?

350 2470 427 2545 Quis
440 2472 543 2548 procul
558 2472 607 2531 ille
622 2482 721 2531 autem
734 2472 824 2533 ramis
838 2471 963 2548 insignis
974 2473 1072 2532 olivae
1214 2460 1218 2471 ’

350 2566 439 2624 Sacra
452 2565 569 2625 serensi
607 2566 711 2624 Nosco
725 2562 821 2624 crines
835 2564 1001 2641 incanaque
1016 2575 1117 2625 menta

351 2656 443 2735 Regis
458 2656 597 2730 Romani,
612 2656 736 2733 primam
751 2656 802 2733 qui
816 2658 932 2734 legibus
944 2660 1048 2718 urbem

351 2748 509 2819 Fundabit,
526 2750 654 2810 Curibus
668 2751 768 2827 parvis
781 2762 811 2811 et
825 2770 957 2828 paupere
970 2762 1047 2811 terra

351 2844 462 2904 Missus
476 2842 505 2902 in
520 2843 677 2919 imperium
690 2863 837 2921 magnum
881 2844 939 2906 Cui
953 2844 1062 2904 deinde
1077 2842 1195 2916 subibit,

350 2936 423 2997 Otia
436 2936 487 3013 qui
500 2947 617 3013 rumpet
631 2938 743 3012 patriae
757 2937 933 3015 residesque
946 2936 1079 2997 movebit

350 3031 455 3089 Tullus
469 3029 499 3088 in
513 3048 596 3089 arma
609 3029 687 3090 viros
701 3040 732 3091 et
742 3032 806 3110 jam
820 3032 944 3093 desueta
958 3029 1112 3108 triumphis

350 3122 487 3200 Agmina
530 3124 630 3198 Quem
641 3125 726 3199 juxta
740 3124 873 3201 sequitur
886 3124 1045 3201 jactantior
1060 3126 1172 3195 Ancus
1289 3137 1325 3187 ⁸1⁵

349 3218 440 3275 Nune
454 3218 647 3294 quoquejam
661 3216 786 3277 nimium
799 3218 935 3294 gaudens
949 3217 1141 3295 popularibus
1153 3213 1242 3275 auris.

347 3309 405 3369 Vis
419 3319 449 3369 et
463 3306 640 3385 Tarquinios
654 3330 748 3389 reges,
764 3311 954 3388 animamque
968 3312 1127 3388 superbam

349 3402 466 3463 Ultoris
480 3401 570 3476 Bruti,
585 3404 740 3480 fascesque
753 3403 854 3464 videre
868 3407 1026 3481 receptos?

348 3495 490 3563 Consulis
504 3495 659 3572 imperium
673 3497 723 3556 hic
737 3498 850 3573 primus
863 3513 1025 3573 saeuasque
1040 3512 1158 3555 secures

345 3588 495 3665 Accipiet,
511 3601 656 3666 natosque
671 3602 756 3666 pater
768 3608 849 3652 nova
861 3591 941 3650 bella
954 3599 1109 3649 moventes

347 3682 400 3741 Ad
415 3701 543 3758 poenam
557 3684 681 3759 pulchra
694 3702 750 3759 pro
764 3682 902 3743 libertate
914 3681 1042 3755 vocabit,

347 3774 476 3843 Infelix!
519 3777 692 3851 Utcumque
706 3776 801 3835 ferent
814 3794 850 3835 ea
864 3775 945 3835 secta
956 3776 1096 3847 minores,

344 3867 459 3927 Vincet
473 3887 557 3927 amor
570 3868 681 3944 patriae
696 3869 878 3944 laudumque
892 3868 1038 3928 immensa
1051 3866 1169 3943 cupido.

347 3960 431 4036 Quin
446 3960 557 4021 Decios
573 3963 749 4037 Drusosque
761 3962 868 4039 procul
880 3979 1062 4038 sacrumque
1075 3957 1171 4021 securi
