3550 4859
699 562 858 607 Annzlnos
879 564 937 607 LlB.
956 564 996 608 Vl.

360 711 544 791 Jampridem
557 710 635 769 hanc
649 710 764 787 prolem
778 710 867 786 cupio
881 728 1054 770 enumerare
1067 729 1210 785 meorum,

361 807 431 881 Quo
445 803 539 881 magis
553 802 641 862 Italia
654 821 771 861 mecum
784 804 894 862 laetere
908 814 1031 879 reperta.

361 902 390 961 Ο
405 909 590 975 pater,.anne
605 895 719 971 aliquas
733 896 772 955 ad
786 897 904 954 coelum
918 896 988 956 hinc
1002 897 1043 956 ire
1057 898 1223 973 putandum
1238 909 1283 959 est

362 991 509 1052 Sublimes
524 990 646 1062 animas,
662 989 827 1064 iterumque
841 989 880 1047 ad
895 990 979 1048 tarda
992 991 1097 1050 reverti
1299 1020 1336 1058 ,ω

361 1087 516 1161 Corpora?
551 1084 636 1157 Quae
651 1082 725 1141 lucis
739 1080 853 1140 miseris
867 1091 928 1141 tam
943 1083 1006 1142 dira
1020 1082 1149 1159 cupido?

361 1177 469 1236 Dicam
483 1176 631 1252 equidem,
646 1184 746 1234 necte
761 1192 947 1249 suspensum,
962 1186 1040 1249 nate,
1056 1178 1186 1249 teneb03

361 1269 491 1345 Suscipit
505 1269 662 1342 Anchises,
678 1278 768 1345 atque
783 1268 888 1327 ordine
903 1268 1017 1344 singula
1031 1266 1142 1345 pandit

401 1362 550 1438 Principio
564 1362 681 1421 coelum
695 1379 731 1421 ac
746 1371 837 1421 terras
851 1379 1034 1438 camposque
1049 1360 1197 1437 liquentes

360 1458 584 1531 Lucentemque
598 1456 720 1531 globum
734 1455 823 1514 lunae
836 1452 1014 1529 Titaniaque
1029 1464 1107 1515 astra
1299 1485 1335 1523 ⁷2⁵

361 1547 487 1625 Spiritus
502 1549 580 1608 intus
595 1548 654 1621 alit,
670 1558 823 1624 totamque
837 1547 935 1607 infusa
947 1566 1001 1623 per
1014 1558 1094 1607 artus

361 1644 450 1702 Mens
464 1642 555 1719 agitat
569 1642 679 1701 molem
693 1651 723 1701 et
737 1659 847 1718 magno
861 1660 893 1700 se
908 1659 1031 1717 corpore
1045 1640 1156 1701 miscet.

360 1736 438 1795 Inde
452 1735 607 1795 hominurn
622 1735 829 1811 pecudumque
843 1753 937 1811 genus
951 1733 1088 1810 vitaeque
1103 1736 1256 1795 volantum

361 1831 400 1889 Et
414 1848 490 1905 quae
504 1846 671 1888 marmoreo
685 1827 740 1887 fert
754 1838 888 1887 monstra
902 1829 958 1887 sub
973 1846 1101 1904 aequore
1116 1839 1234 1904 pontus.
1254 1851 1255 1855 ¹

361 1924 473 1999 Igneus
488 1932 535 1981 est
548 1920 615 1981 ollis
629 1921 713 1999 vigor
726 1931 756 1981 et
770 1922 908 1981 coelestis
922 1922 1005 1998 origo
1299 1950 1337 1989 no

363 2014 541 2088 Seminibus
557 2025 701 2091 quantum
715 2033 776 2073 non
790 2014 880 2073 noxia
895 2030 1019 2091 corpora
1033 2014 1149 2073 tardant

360 2108 543 2184 Terrenique
557 2109 700 2167 hebetant
714 2118 793 2167 artus
807 2108 1044 2184 moribundaque
1059 2108 1199 2167 membra.

358 2195 445 2261 ¹Hine
459 2211 594 2261 metuunt
607 2200 797 2277 cupiuntque,
814 2202 918 2261 dolent
931 2202 1128 2279 gaudentque,
1141 2218 1238 2276 neque
1250 2219 1335 2260 auras

362 2295 534 2371 Dispiciunt
549 2297 667 2355 clausae
684 2295 814 2354 tenebris
829 2305 858 2354 et
872 2313 990 2354 carcere
1004 2312 1103 2353 caeco.

362 2388 442 2461 Quin
458 2400 487 2447 et
502 2406 640 2464 supremo
656 2406 748 2464 quum
761 2387 873 2446 lumine
887 2388 948 2446 vita
961 2387 1087 2463 reliquit,
1299 2414 1336 2454 ns

362 2484 433 2540 Non
448 2492 548 2541 tamen
562 2498 652 2540 omne
666 2481 777 2538 malum
791 2480 905 2540 miseris
920 2500 977 2540 nee
990 2480 1122 2540 funditus
1137 2498 1241 2539 omnes

362 2576 533 2651 Corporeae
547 2574 696 2633 excedunt
709 2584 818 2651 pestes,
833 2573 1010 2650 penitusque
1025 2592 1146 2633 necesse
1161 2583 1207 2633 est

362 2669 461 2727 Multa
475 2667 525 2727 diu
539 2677 679 2727 concreta
692 2668 790 2727 modis
805 2667 967 2726 inolescere
981 2667 1069 2726 miris.

362 2763 442 2839 Ergo
456 2771 629 2821 exercentur
642 2761 755 2839 poenis,
770 2772 963 2838 veterumque
977 2761 1121 2819 malorum

362 2853 514 2931 Supplicia
528 2856 718 2931 expendunt:
739 2855 814 2914 aliae
828 2855 998 2930 panduntur
1011 2853 1114 2912 inanes
1299 2880 1336 2918 7⁴0

361 2950 529 3025 Suspensae
543 2949 582 3007 ad
597 2958 722 3022 ventos,
743 2948 808 3007 aliis
823 2949 878 3007 sub
893 2948 1005 3024 gurgite
1020 2958 1104 3005 vasto

361 3042 510 3124 Infectum
524 3041 631 3101 eluitur
644 3042 749 3114 scelus,
766 3052 816 3100 aut
830 3041 960 3101 exuritur
972 3040 1033 3117 igni
1044 3062 1052 3114 ;

360 3134 496 3210 Quisque
511 3153 580 3194 suos
594 3134 722 3211 patimur
736 3136 864 3208 Manes,
884 3132 992 3193 exinde
1007 3151 1060 3209 per
1073 3122 1205 3209 amplum

360 3227 509 3287 Mittimur
523 3227 663 3305 Elysium,
679 3238 710 3286 et
723 3218 810 3304 pauci
824 3228 904 3286 laeta
916 3244 986 3286 arva
1000 3237 1155 3301 tenemus;

359 3321 469 3380 Donec
482 3321 571 3398 longa
586 3320 658 3394 dies,
673 3320 806 3397 perfecto
821 3319 962 3397 temporis
977 3322 1057 3394 orbe,
1100 3348 1104 3357 ·

359 3414 540 3472 Concretam
555 3413 663 3473 exemit
676 3414 784 3488 labem,
798 3433 966 3491 purumque
980 3413 1118 3489 relinquit

359 3506 534 3566 Aetherium
548 3527 669 3567 sensum
683 3518 772 3584 atque
787 3509 867 3568 aurai
882 3507 1023 3584 simplicis
1037 3506 1145 3583 ignem.

359 3601 428 3658 Has
442 3618 555 3673 omnes,
571 3602 622 3667 ubi
635 3601 716 3661 mille
730 3611 826 3661 rotam
839 3602 959 3660 volvere
972 3620 1025 3677 per
1039 3619 1141 3673 annos,

357 3694 524 3753 Lethaeum
539 3694 578 3752 ad
591 3694 714 3753 fluvium
728 3695 801 3753 deus
816 3704 921 3753 evocat
935 3693 1052 3770 agmine
1066 3711 1184 3770 magn0,

355 3784 478 3845 Scilicet
492 3785 678 3847 immemores
694 3806 800 3864 supera
812 3797 846 3846 ut
859 3805 995 3852 convexa
1008 3786 1137 3846 revisant
1298 3816 1335 3853 ⁷50

358 3878 474 3938 Rursus
488 3889 518 3939 et
532 3879 675 3956 incipiant
689 3879 719 3938 in
734 3898 859 3956 corpora
872 3881 948 3939 velle
962 3879 1074 3939 reverti.

400 3972 522 4032 Dixerat
538 3972 696 4049 Anchises,
711 3984 873 4051 natumque
888 3992 1005 4050 unaque
1021 3973 1162 4050 Sibyllam

600 4067 624 4107 ιε
