3550 4859
707 585 866 633 AMDOS
886 586 945 633 trs.
964 587 1025 634 111.·

367 738 467 813 Quam
482 736 575 796 semel
589 732 745 794 intormem
758 744 843 795 vasto
855 734 966 795 vidisse
979 735 1037 795 sub
1051 746 1136 797 antro

368 831 498 910 Scyllam
512 840 542 889 et
556 827 699 889 caeruleis
713 827 837 887 canibus
850 827 1022 889 resonantia
1035 848 1114 891 saxa.

367 926 532 995 Praeterea,
549 922 573 981 si
587 939 647 998 qua
661 931 707 981 est
722 921 845 980 Heleno
859 920 1024 997 prudentia,
1039 922 1100 982 vati
1203 929 1206 934 ’

368 1018 401 1077 Si
415 1036 475 1093 qua
488 1016 571 1089 fides,
587 1014 719 1074 animum
734 1014 758 1073 si
772 1015 849 1074 veris
863 1015 968 1091 implet
982 1016 1103 1092 Apollo,

366 1113 471 1171 Unum
486 1109 558 1168 illud
572 1107 635 1182 tibi,
651 1118 721 1168 nate
735 1108 800 1182 dea,
815 1127 930 1185 proque
944 1110 1082 1170 omnibus
1096 1127 1190 1170 unum
1309 1139 1347 1179 42,

368 1202 551 1276 Praedicam,
566 1212 596 1262 et
610 1211 748 1279 repetens
761 1200 926 1278 iterumque
939 1201 1105 1279 iterumque
1119 1203 1271 1265 monebo:

365 1296 495 1373 Junonis
509 1314 634 1372 magnae
648 1295 777 1371 primurn
791 1312 878 1370 prece
892 1313 1002 1354 numen
1017 1296 1126 1369 adora3

366 1387 479 1466 Junoni
493 1406 568 1448 cane
582 1397 653 1447 vota
667 1387 762 1447 libens
777 1385 989 1463 dominamque
1003 1398 1156 1464 potentem

367 1480 557 1558 Supplicibus
571 1499 678 1557 supera
691 1479 797 1540 donis:
817 1477 860 1538 sic
875 1478 1004 1556 denique
1019 1480 1129 1540 victor'

366 1573 520 1633 Trinacria
534 1576 609 1632 fines
625 1574 717 1633 Italos
731 1572 847 1632 mittere
861 1573 969 1632 relicta.

369 1668 441 1725 Huc
456 1666 508 1725 ubi
522 1666 639 1726 delatus
654 1668 817 1727 Cumaeam
831 1664 991 1725 accesseris
1004 1667 1108 1726 urbem

368 1758 555 1836 Divinosque
570 1759 653 1819 lacus
667 1770 697 1819 et
710 1760 831 1819 Averna
844 1758 983 1819 sonantia
996 1759 1084 1834 silvis,

368 1854 511 1911 Insanam
525 1862 623 1911 vatem
637 1851 793 1928 adspicies,
809 1871 886 1928 quae
900 1871 974 1929 rupe
988 1853 1044 1912 sub
1058 1851 1118 1914 ima

368 1947 443 2005 Fata
456 1945 538 2004 canit
551 1945 690 2021 foliisque
704 1955 791 2005 notas
806 1956 836 2005 et
850 1946 972 2005 nomina
985 1946 1116 2007 mandat

368 2037 584 2114 Quaecumque
598 2037 629 2095 in
643 2037 720 2097 soliis
735 2037 893 2115 descripsit
906 2038 1036 2098 cannina
1049 2038 1139 2116 virgo,

369 2130 483 2208 Digerit
498 2131 529 2189 in
543 2149 699 2190 numerum
713 2141 803 2208 atque
817 2142 902 2191 antro
917 2132 1033 2192 seclusa
1046 2131 1193 2209 relinquit

369 2225 425 2283 Illa
438 2234 562 2284 manent
575 2224 698 2283 immota
712 2224 785 2284 locis
800 2243 899 2301 neque
912 2225 951 2284 ab
965 2224 1069 2285 ordine
1083 2226 1213 2302 cedunt3

366 2318 480 2377 Verum
494 2317 609 2389 eadem,
624 2335 712 2376 verso
726 2318 824 2377 tenuis
839 2336 931 2394 quum
944 2316 1065 2377 cardine
1078 2328 1185 2379 ventus

369 2409 492 2487 Impulit
507 2421 537 2470 et
552 2420 667 2470 teneras
682 2409 811 2471 turbavit
821 2410 914 2489 janua
926 2410 1057 2484 frondes,

370 2504 542 2580 Numquam
557 2502 666 2563 deinde
680 2522 755 2563 cavo
768 2502 923 2563 volitantia
937 2504 1081 2579 prendere
1095 2521 1177 2579 saxo,

369 2598 435 2655 Nec
449 2615 589 2656 revocare
603 2596 676 2656 situs
689 2607 740 2657 aut
753 2598 877 2676 jungere
892 2596 1021 2656 carmina
1035 2609 1136 2658 curat:

369 2688 536 2749 Inconsulti
550 2689 669 2763 abeunt,
685 2690 848 2766 sedemque
862 2690 954 2750 odere
970 2690 1106 2767 Sibyllae

369 2780 431 2841 Hic
446 2781 500 2842 tibi
514 2801 552 2843 ne
567 2801 626 2858 qua
640 2802 741 2842 morae
755 2782 862 2842 suerint
876 2783 1033 2859 dispendia
1047 2782 1130 2857 tanti,

368 2875 513 2949 Quamvis
527 2875 705 2952 increpitent
718 2876 802 2949 socii,
817 2885 847 2936 et
861 2876 891 2935 vi
905 2895 1006 2935 cursus
1020 2875 1051 2935 in
1065 2877 1158 2935 altum

366 2968 445 3027 Vela
457 2978 546 3028 vocet
559 2969 716 3045 possisque
731 2968 812 3028 sinus
826 2969 949 3045 implere
964 2969 1120 3043 secundos,
1141 3027 1145 3034 .

368 3060 449 3135 Quin
465 3062 555 3121 adeas
569 3073 668 3121 vatem
682 3062 879 3139 precibusque
893 3063 1013 3122 oracula
1026 3081 1135 3140 poscas

367 3156 441 3229 Ipsa
454 3165 550 3228 canat,
565 3173 731 3231 vocemque
744 3155 848 3214 volens
862 3165 952 3231 atque
966 3174 1018 3214 ora
1032 3156 1167 3215 resolvat.

366 3246 426 3304 Illa
440 3246 494 3306 tibi
509 3247 613 3307 Italiae
627 3249 757 3324 populos
770 3258 953 3324 venturaque
966 3249 1054 3322 bella,

366 3340 406 3399 Et
421 3359 482 3416 quo
498 3359 645 3417 quemque
660 3341 750 3400 modo
764 3340 917 3417 fugiasque
932 3341 1068 3416 serasque
1082 3341 1223 3415 laborem,

366 3432 522 3509 Expediet,
538 3452 700 3510 cursusque
714 3434 797 3494 dabit
811 3445 951 3494 venerata
964 3433 1120 3494 secundos.

367 3527 457 3585 Haec
472 3530 553 3600 suut,¹
565 3546 642 3602 quae
656 3538 759 3587 nostra
772 3528 860 3587 liceat
873 3536 903 3586 te
917 3545 992 3587 voce
1006 3526 1129 3586 moneri.

366 3619 453 3678 Vade
468 3637 531 3695 age,
548 3629 577 3678 et
591 3619 743 3696 ingentem
757 3619 843 3679 sactis
856 3620 900 3679 ser
913 3619 952 3680 ad
966 3620 1086 3679 aethera
1099 3620 1230 3695 Trojam

407 3711 495 3785 Quae
510 3723 668 3790 postquam
682 3723 765 3772 vates
780 3712 823 3773 sic
838 3731 889 3772 ore
904 3712 1010 3773 effatus
1023 3712 1121 3774 amico
1134 3722 1188 3787 est,

365 3805 457 3864 Dona
471 3805 580 3866 dehinc
595 3824 666 3865 auro
680 3806 781 3882 gravia
795 3816 936 3882 sectoque
951 3806 1112 3882 elephanto
1187 3823 1190 3828 ’

365 3899 498 3974 Imperat
513 3899 551 3958 ad
565 3917 656 3959 naves
670 3898 745 3972 ferri,
761 3897 909 3976 stipatque
923 3889 1031 3957 carinis

365 3991 479 4067 Ingens
493 4002 655 4069 argentum,
671 3992 916 4069 Dodonaeosque
930 3991 1053 4067 lebetas,
